2900 4675
385 359 436 428 De
450 356 644 430 Voluntaria
657 373 690 426 ct
705 356 966 432 involuntario.'
1130 367 1208 457 '195

124 468 244 574 perbis
266 469 544 546 convincendus
562 473 611 546 sit
638 472 805 573 quisquis
832 474 993 549 liberum
1013 475 1208 558 arbitrium
1310 469 1315 480 .

123 594 259 667 negare
290 569 455 662 audeat,
484 569 632 670 ajebant
659 572 825 658 Scotus,
854 573 984 670 Vaga,
1004 574 1140 677 aliique
1163 605 1207 653 ex

121 668 329 743 Aristotele.
345 669 444 741 Hinc
464 667 596 744 meriti
612 668 785 744 damnata
801 668 871 743 fuit
885 727 895 761 ,
911 671 955 744 irt
971 672 1141 754 haeretica
1161 677 1207 750 lb

121 764 256 841 Innoc.
273 766 321 838 X.
342 769 382 840 in
396 765 552 844 Constit.
565 793 644 840 cum
662 767 866 858 occasione,
886 784 924 844 ct
939 769 985 843 ab
1008 775 1110 847 Alex.
1126 776 1207 854 Vll.

119 867 230 938 tertia
272 866 438 939 Janscnii
467 890 534 966 pro
564 865 692 949 ositio,
717 890 801 1035 bum
834 867 990 963 negabat
1016 876 1210 946 necessita·

119 974 199 1034 tem
223 961 401 1037 libertatis
427 964 509 1037 indi
540 964 720 1037 ercntiaea
766 965 1005 1057 merendum,
1022 968 1079 1041 vel
1092 971 1212 1046 deme·

117 1058 285 1134 rendum
298 1062 337 1134 in
359 1075 455 1136 statu
474 1076 616 1136 naturae
631 1059 754 1160 lapaae.
772 1064 855 1136 Etr
870 1063 905 1136 S.
924 1065 990 1137 Pio
1010 1066 1058 1139 V.
1073 1093 1211 1168 propo·

113 1158 206 1233 sitio
225 1160 272 1259 67
288 1160 367 1259 Baji
383 1188 393 1230 r
407 1160 529 1242 Homo
539 1177 674 1258 peceat,
690 1159 796 1233 etr'dm
813 1160 1066 1251 damnabiliter,
1085 1164 1123 1236 in
1143 1191 1209 1257 eo,

54 1255 59 1261 ’
117 1257 221 1355 quod
228 1258 428 1330 necessario
431 1256 543 1355 facit.
1190 1263 1196 1276 '

166 1354 345 1452 XXXIII.
374 1358 467 1431 Tres
494 1352 753 1431 tautummodo
765 1354 1021 1433 subnectimus
1042 1362 1210 1476 proposi·

116 1453 243 1527 tiones
260 1453 306 1526 ad
320 1452 498 1528 libertatis
514 1454 704 1528 materiam
721 1457 973 1556 pertinentes,
995 1481 1086 1559 quas
1108 1484 1212 1558 agno·

119 1577 206 1625 rare
225 1550 366 1650 Religio
380 1550 590 1628 Christiana
601 1566 710 1626 vetat.

166 1650 295 1724 Prima
307 1666 384 1742 cst,
427 1647 502 1723 uod
518 1646 630 1725 homo
645 1651 753 1724 etiam
766 1664 851 1751 post
862 1649 951 1727 Adae
964 1651 1112 1755 lapsum
1124 1682 1209 1757 gan·

12 1821 17 1840 ,
118 1746 349 1823 dest-libero
378 1678 549 1837 albitrio,
575 1773 640 1821 seu
668 1746 838 1821 libertate
867 1750 1150 1842 indifferentiae,
1174 1769 1212 1830 et

116 1845 323 1921 electionis.
335 1848 388 1922 Itl
397 1846 660 1921 Tridentinnm
669 1872 757 1920 sess.
770 1848 796 1921 6
810 1872 892 1921 can.
903 1847 940 1922 5.
955 1852 1211 1926 contraNova·

116 1957 234 2018 tores.
251 1944 395 2019 Concil.
416 1944 605 2018 Constant.
625 1971 713 2020 sess.
730 1947 753 2017 8
773 1943 838 2036 nbi
854 1943 1025 2021 damnata
1043 1947 1113 2022 suit
1128 1948 1211 2026 hoec

119 2042 278 2117 Wiclcli
300 2069 345 2142 27
365 2044 582 2144 propositio.
609 2042 738 2115 Omnia
763 2043 807 2115 de
825 2045 1034 2117 necesstiate
1050 2046 1212 2122 absoluta

118 2142 298 2214 enenrbnt.
328 2142 554 2238 ‚Augustinus
571 2141 615 2216 L.
638 2135 685 2213 de
713 2142 850 2239 gratia,
877 2156 913 2214 ct
943 2139 1010 2215 lib.
1038 2142 1117 2220 arb.
1137 2172 1206 2221 c.r

118 2240 294 2340 scripsit:
316 2239 496 2312 Revelanr't
517 2238 619 2312 nobis
636 2239 737 2310 Dens
751 2265 818 2335 per
843 2238 1038 2334 Scn'ptnras
1051 2260 1208 2332 sanctas,

119 2364 203 2412 esse
221 2339 257 2409 in
275 2335 418 2410 domine
437 2335 577 2411 liberum
597 2335 793 2429 arbritium,
814 2355 850 2411 ct
865 2337 1020 2439 quisquis
1036 2348 1213 2439 negaverit

123 2435 328 2509 catholicus
355 2463 427 2509 non
456 2450 522 2509 est.
549 2438 600 2509 Et
620 2435 655 2509 S.
686 2434 761 2508 Th.
793 2461 830 2551 q.
859 2438 904 2530 24
922 2436 968 2508 de
986 2436 1103 2513 Verit.
1122 2467 1158 2516 a.
1179 2468 1210 2521 r.
1245 2488 1249 2497 ·

119 2532 346 2625 Dicendum,
362 2532 602 2635 quodabsqae
621 2532 721 2605 omni
735 2532 948 2607 dabrtatrone
960 2533 1139 2610 hommem
1151 2567 1210 2610 ar·

121 2630 221 2706 britio
247 2631 391 2706 liberum
442 2656 547 2705 onere
567 2645 712 2745 oportet.
736 2631 801 2702 Ad
823 2626 890 2702 hoc
906 2631 1000 2704 enirn
1017 2634 1210 2720 Frdcsad·

124 2729 314 2829 stringit...
336 2731 388 2802 ad
406 2660 474 2803 ica
489 2728 682 2824 manrfi’sta
696 2728 825 2801 anania
840 2727 1059 2803 abducunt...
1076 2733 1128 2803 ad
1138 2732 1210 2808 hoa

128 2828 230 2901 ecam
246 2827 389 2901 enim
406 2825 498 2901 ratio
508 2826 612 2923 cogit.
631 2841 696 2898 etc.

170 2924 296 3000 Altera
323 2941 379 3000 eat
396 2938 524 3000 contra
546 2924 762 2997 Janseninm
780 2921 932 2998 definita
948 2924 995 2998 ab
1010 2925 1138 3000 innoc.
1155 2929 1206 3007 X.

125 3036 161 3097 ct
177 3022 281 3113 Alex.
308 3023 392 3100 VII.
418 3021 528 3124 quod,
546 3021 594 3095 ad
615 3023 813 3108 meritum,
838 3020 896 3095 vel
928 3022 1150 3101 demeritum
1167 3029 1207 3101 in

122 3137 221 3199 statu
238 3136 380 3197 naturas
397 3121 433 3195 la
462 3148 508 3196 sae
520 3145 597 3192 non
613 3118 768 3193 sufficiat
782 3118 970 3196 libertast
992 3127 1203 3217 coactione,

122 3222 187 3296 sed
213 3223 423 3322 requiratur
435 3149 628 3293 libertast
651 3217 888 3309 necessitate,
909 3245 971 3294 scu
989 3219 1206 3298 indifferen-

123 3320 181 3395 tiae
197 3376 207 3409 ,
224 3319 267 3392 lrt
281 3324 391 3421 snpra
410 3316 554 3392 dictum
572 3330 636 3390 est.
907 3388 909 3393 .

170 3420 295 3491 Tertia
325 3415 525 3517 propositio
553 3429 632 3503 est,
658 3411 762 3514 quod
788 3415 944 3489 essentia
967 3414 1145 3492 libertatis
1165 3421 1206 3494 in

123 3542 257 3616 genere
268 3542 346 3590 non
360 3517 534 3591 consistat
548 3514 588 3587 in
601 3512 679 3587 solo
700 3512 910 3588 voluntario
925 3570 937 3600 ,
955 3515 1020 3588 sed
1036 3518 1206 3616 requira-

125 3629 185 3690 tur
211 3614 258 3687 de
287 3616 441 3689 essentia
465 3612 568 3686 illius
593 3611 842 3686 indifferentia
870 3612 1202 3708 contradictionis,

123 3739 186 3787 sen
200 3727 359 3814 potestas
373 3713 419 3786 ad
429 3709 680 3811 agendumvel
695 3736 773 3785 non
783 3709 1081 3808 agendumltlS.
1097 3713 1168 3786 Th.
1181 3741 1204 3787 2

124 3810 206 3885 dist
238 3816 284 3905 ad
313 3837 377 3911 qu.
408 3838 423 3884 1
451 3837 484 3883 a.
523 3836 537 3883 r
574 3807 623 3881 ad
644 3835 678 3889 a.
697 3808 783 3881 Hoc
798 3810 851 3881 ad
870 3808 1060 3880 lr'bertatem
1075 3811 1211 3908 arbitrii

121 3911 295 4006 pensitet,
321 3924 360 3981 ut
383 3909 555 3982 acteonem
583 3906 736 4006 adanam
751 3903 904 4001 faeere,
928 3907 985 3977 vel
994 3902 1221 4004 nonfacere⁴

122 4008 247 4106 possit.
266 4006 340 4082 Sed
354 4035 429 4081 non
445 4005 645 4106 requiritur
659 4003 704 4079 de
721 4004 878 4079 essentia
892 4001 1071 4079 libertatis
1089 4008 1206 4081 indii*

129 4104 280 4181 larentia
296 4105 577 4191 contrarietatis,
592 4104 686 4177 idest
697 4117 856 4202 potestas
870 4101 1027 4176 faciendi
1041 4103 1181 4181 bonnm
1195 4162 1206 4197 ,

128 4204 186 4281 rel
200 4206 354 4282 malum.
371 4203 585 4281 Communis
602 4201 826 4301 Theologor.
849 4215 977 4276 contra
994 4201 1117 4295 Gonet
1133 4203 1208 4279 dis·
