2900 4675
235 240 300 311 480
409 255 412 262 '
430 240 503 309 Lib.
520 217 579 310 Vl.
595 242 703 309 Traet.
719 217 824 309 ils'De
840 239 1062 309 sacramentis.

241 349 378 437 ebreus,
395 339 701 453 quodimpositio
720 358 790 447 iam
810 357 992 425 constaret
1004 377 1046 424 ex
1059 351 1268 451 Scriptura,
1289 365 1334 425 et

243 449 329 522 ideo
346 457 519 523 omissum
532 452 639 524 luerit
654 450 699 523 de
716 477 757 524 ea
774 453 999 524 mentionem
1012 451 1140 524 iacere.
1155 451 1223 524 atii
1241 477 1331 524 res·

244 547 431 646 pontioni,
447 552 655 646 Eugenium
668 547 796 622 fecisse
811 549 1037 622 mentionem
1049 550 1192 622 tantirm
1205 550 1251 621 de
1266 551 1332 620 in-

242 650 475 736 strumentis,
494 651 579 746 quia
601 674 666 745 pro
679 647 820 721 caeteris
834 675 872 720 se
891 647 1030 721 remisit
1045 647 1094 720 ad
1109 648 1331 723 Pontificalc

242 743 367 818 dicens
388 774 397 814 z
418 745 532 816 Pion
555 746 589 816 in
613 745 820 844 Ponnficati
838 746 1002 818 nomano
1026 746 1095 816 late
1119 747 1329 819 continetur.
1359 799 1364 810 .

243 844 313 918 Sed
329 843 467 916 melius
479 844 675 943 respondet
687 845 730 918 P.
746 839 844 918 Berti
860 900 869 930 ,
884 843 985 944 quod
997 846 1183 940 Eugenius
1200 846 1236 915 in
1254 847 1332 917 Or·

243 943 329 1015 dinc
344 944 418 1014 desi
447 945 584 1015 noverit
599 945 840 1020 instrumenta
859 940 1002 1014 tantirm
1013 937 1329 1042 irtsymbolamu·

244 970 450 1113 nerum‘ali
484 1040 676 1114 initiandis
708 1041 1020 1123 exercendorum,
1050 1042 1088 1122 in
1116 1042 1331 1112 Confirma-

245 1142 342 1212 tisne
377 1139 462 1212 vell)
486 1139 652 1237 designat
672 1141 840 1212 Chrisma
869 1139 910 1212 irt
927 1137 1143 1239 'symbolum
1172 1140 1329 1236 gratiae,

243 1264 324 1336 quae
350 1263 415 1335 per
436 1240 711 1322 Sacramentum
737 1235 925 1326 confertur
946 1263 955 1324 ;
976 1234 1088 1336 gratia
1107 1254 1228 1308 autem
1246 1262 1326 1308 non

244 1337 455 1424 confertur,
487 1339 554 1408 uisi
575 1336 694 1408 totalis
713 1337 862 1416 Materia
882 1336 1081 1407 essentialis
1101 1331 1327 1434 applicetur.

242 1431 372 1508 Subdu
393 1434 494 1506 aliud
509 1439 728 1534 responsum
744 1455 753 1522 ,
772 1433 875 1534 qnod
893 1433 983 1505 milri
1005 1433 1133 1506 fortius
1150 1432 1294 1507 videtur
1316 1462 1326 1503 :

242 1534 297 1607 De
324 1532 733 1607 Sacramento'Ordinis
753 1534 940 1629 Eugenius
967 1529 1145 1632 loquens,
1175 1529 1330 1605 nullum

243 1632 395 1704 terbum
423 1630 510 1704 lecit
539 1631 585 1704 de
613 1633 850 1728 impositione
878 1657 1052 1703 manuum
1070 1689 1078 1716 ‚
1098 1629 1206 1704 unde
1228 1630 1330 1702 ride·

241 1746 302 1803 tnr
321 1731 423 1803 illam
440 1734 614 1818 tacuisse,
633 1731 698 1803 sed
717 1759 791 1804 non
814 1729 1033 1820 exclusisse3
1063 1729 1218 1830 loquens
1239 1726 1346 1801 vero·

245 1833 290 1901 de
310 1831 544 1903 Sacramenta
564 1827 881 1913 Confirmationis,
900 1853 1105 1927 expressam
1120 1829 1207 1900 iacit
1223 1856 1329 1900 men·

245 1930 382 2002 tionem
410 1935 482 1998 tam
514 1927 560 1999 de
587 1928 816 2012 Chrismate,
847 1934 956 2027 quim
988 1927 1034 1999 de
1053 1927 1325 2026 impositione,

244 2051 328 2125 quae
340 2025 385 2098 ab
400 2025 585 2125 Apostolis
601 2028 639 2098 in
657 2027 729 2100 hoc
742 2027 972 2099 Sacramenta
987 2025 1242 2098 adhibebatur.
1258 2015 1328 2096 Id·

243 2123 358 2213 circd,
372 2125 404 2195 si
414 2123 579 2197 Pontifex
592 2129 752 2222 putisset
763 2123 1036 2223 impositionem
1046 2150 1122 2197 esse
1137 2126 1329 2198 Materiam

245 2222 290 2294 ab
303 2224 488 2296 Unctione
501 2223 717 2295 'distinctam
729 2221 908 2308 ,omnini
923 2221 1127 2314 debuisset,
1148 2247 1222 2294 non
1240 2236 1329 2293 tan-

244 2320 324 2394 tiam
341 2321 591 2403 linctionem,
616 2321 814 2395 sedetiam
836 2319 1108 2422 impositionem
1136 2318 1328 2416 designare

244 2446 313 2519 pro
330 2424 479 2495 Materia
493 2476 502 2503 ,
517 2435 554 2492 et
567 2421 758 2521 utriusque
770 2419 927 2494 Materiae
942 2416 1094 2515 Formas
1107 2418 1328 2511 describere;

246 2522 333 2592 aliis
363 2522 576 2602 nos‘reota,
599 2520 685 2616 quia
710 2546 783 2591 non
804 2522 961 2617 integra,
983 2516 1047 2592 sed
1066 2518 1232 2592 mutilata
1267 2543 1328 2589 es·

244 2635 300 2690 set
315 2622 394 2715 eius
410 2606 603 2707 doetlina3
622 2634 665 2689 ac
684 2617 861 2715 proinde,
882 2619 1166 2716 cnm‘Eugenius
1185 2616 1329 2689 reticuit

244 2717 521 2816 impositionem
538 2715 747 2797 distinctam
762 2717 808 2788 ab
821 2718 1004 2790 Unctione
1015 2774 1023 2803 ,
1035 2714 1187 2815 omnini)
1201 2716 1329 2788 dicen·

246 2815 356 2902 dum,
378 2813 481 2914 quod
497 2828 574 2887 eam
594 2817 800 2888 excluserit.

287 2914 525 3013 Op‘ponuntd
536 2912 848 3011 QuodEugenius
859 2913 896 2984 in
904 2910 1057 2985 Decreto
1072 2910 1218 2985 dixerit:
1230 2910 1325 2982 Loco

238 3010 334 3086 tilius
355 3022 482 3081 munus
495 3010 734 3108 Depost'tt'onis
749 3013 829 3083 dari
844 3010 879 3081 io
899 3010 1060 3083 Ecclesia
1080 3002 1329 3108 Confirmatio·

244 3108 448 3206 nemAEtgtl
459 3112 714 3207 jutiti’sensum
725 3110 878 3205 Eugenii
890 3110 1088 3208 impositio.
1102 3135 1210 3207 quam
1220 3113 1331 3208 Apos-

247 3206 311 3278 toli
329 3207 573 3292 adhibebant,
589 3216 691 3283 nunc
706 3223 844 3282 mutata
858 3209 959 3280 estin
977 3208 1328 3292 Confirmationem,

243 3330 329 3391 rtem
361 3304 412 3395 ὲ(
423 3305 639 3403 ut'adjdtrnt)
655 3308 693 3380 in
712 3307 1022 3381 chrismationem.
1048 3307 1118 3378 Sed
1141 3300 1234 3377 beni
1252 3329 1329 3376 res·

247 3330 385 3504 pondirt
401 3404 575 3574 Tauriiep‘
588 3406 653 3479 loc.
674 3405 728 3478 cit.
744 3423 807 3477 art.
825 3405 857 3479 3.
880 3405 1036 3477 afferens
1055 3403 1164 3476 rerba
1190 3402 1329 3475 Beller-

224 3503 359 3593 turni¹
383 3505 448 3603 qui
462 3503 521 3575 d'e‘
557 3504 702 3602 ‘orrJirm.
721 3531 753 3577 c.
778 3528 813 3604 9.
838 3506 888 3576 sic
907 3508 957 3576 ait
976 3533 984 3575 τ
1004 3501 1139 3574 Sensus
1161 3527 1231 3571 non
1258 3516 1327 3582 est,
1359 3508 1362 3515 “

246 3600 408 3675 Chrz'smo
423 3624 502 3674 esse
515 3604 593 3675 Ioco
608 3600 848 3701 impositionis
860 3606 1041 3688 munuum,
1053 3598 1159 3700 quasi
1170 3595 1334 3696 Apostoli

245 3722 318 3773 non
330 3698 529 3795 usijnen‘ttt
538 3701 752 3785 carismate,
768 3713 806 3771 et
815 3725 881 3773 nos
896 3722 967 3771 non
980 3715 1120 3770 utamur
1130 3694 1330 3793 impositio·

247 3820 293 3868 ne
308 3802 447 3872 marens.
464 3798 537 3871 Sed
547 3820 672 3870 sensus
691 3814 764 3884 est,
789 3798 960 3896 idipsum,
980 3794 1075 3896 quod
1150 3794 1258 3866 ostoli
1259 3792 1328 3889 fa·

243 3893 402 3981 ciebant,
419 3918 497 3972 cum
522 3896 726 3980 timebantur
739 3893 1076 3992 rirrponeremnnus,
1116 3917 1218 3965 acere
1239 3914 1326 3963 nunc

244 3991 465 4091 Episcopos,
494 4010 571 4068 enm
591 3996 751 4067 diruatur
776 3994 1001 4090 confirmate,
1033 3995 1089 4064 vel
1110 3991 1326 4063 chrismare:

244 4090 472 4191 Detegetur
482 4093 576 4167 enim
594 4091 654 4165 his
667 4091 704 4177 in
718 4092 822 4175 loris,
837 4117 909 4165 non
929 4092 1015 4163 rt'tur
1029 4084 1131 4163 ἀήτη
1145 4148 1153 4175 ,
1169 4089 1239 4161 sed
1251 4112 1328 4162 mo·
