2900 4675
395 280 921 378 csp.1.1tuh.v.ltettapnsmo.
1125 285 1207 375 459.
1276 345 1278 350 .

111 363 186 463 siri
213 394 364 483 mulier,
383 395 492 496 jantd
514 420 693 468 sacrorum
720 397 907 490 Cannam
932 391 1114 483 insntata,
1137 393 1197 465 oet

112 489 167 559 ad
197 513 370 567 eumenum
395 520 510 581 unus,
541 507 578 565 et
606 515 677 564 una
699 490 911 592 baptizatam
939 493 985 572 de
1005 491 1190 591 Baptt‘snro

111 586 318 687 susceptam,
337 593 530 693 interpone
543 617 587 664 ac
599 589 810 686 bapn'zotam
821 590 950 686 rpsum.
969 606 1007 663 et
1018 590 1108 662 illins
1116 615 1191 688 pa·

111 696 222 773 trem,
239 681 276 760 e't
294 707 440 764 matrem
456 742 467 778 ,
485 713 623 764 necnon
646 688 737 762 inter
752 687 1010 788 baptizantem,
1024 685 1209 783 etbaptia¹

111 785 254 873 natum,
267 784 500 902 baptizatipne
506 799 659 886 patrem,
673 813 718 860 ac
731 801 877 885 matrem
887 792 1020 860 tantine
1029 786 1193 884 spirtua-

111 876 157 950 lt's
168 900 330 981 cognatio
344 885 580 959 contrahatur.
608 881 794 959 Parachns
813 886 999 986 onteqadm
1024 885 1076 955 ad
1085 884 1192 982 Bap-

110 974 253 1052 tisrnnm
263 978 511 1079 conserendum
525 983 693 1074 accedat,
715 981 895 1081 diiigenter
909 981 955 1055 ab
971 978 1027 1068 iis,
1043 981 1096 1054 ad
1102 1005 1192 1080 quos

112 1074 297 1170 spectabit,
314 1074 526 1168 sciscitetur,
543 1106 644 1179 quem
668 1083 726 1154 rel
743 1104 829 1178 qnos
843 1078 1028 1180 cleperent,
1047 1094 1088 1152 ut
1105 1076 1193 1175 bap·

110 1171 257 1246 te'zatum
273 1179 319 1251 de
342 1205 445 1253 sacro
450 1178 564 1276 fonte
577 1173 793 1278 suscipiant,
809 1196 847 1252 et
862 1205 941 1251 eum
959 1177 1016 1251 ael
1027 1203 1090 1250 eor
1106 1191 1192 1248 tan-

110 1276 185 1342 tum
209 1273 261 1345 od
275 1275 369 1349 ribam
390 1275 645 1376 ementiendum
668 1276 853 1365 admittat,
869 1290 906 1350 et
921 1274 957 1348 t'n
972 1275 1057 1349 libro
1072 1300 1208 1352 eorum,

110 1367 259 1444 nomena
285 1373 479 1463 describat,
497 1374 687 1472 doceatque
702 1399 789 1466 eos,
818 1400 922 1474 quom
945 1373 1210 1471 cognationem,

108 1470 694 1572 contraxen'ne.Exquibusverbis
703 1470 926 1586 AA..proeiati
936 1469 1034 1545 recti
1044 1468 1194 1547 conclu·

112 1561 221 1654 dunt,
235 1567 647 1671 impedimentumjuxta
659 1570 869 1647 Concilium
886 1566 1052 1644 connahi
1069 1566 1193 1644 solium

112 1655 437 1765 hauscipientibus
458 1669 502 1741 a’e
525 1694 626 1742 sacro
640 1667 774 1765 fante,
794 1670 859 1768 qui
884 1665 986 1743 solus
1003 1668 1191 1742 institutus

112 1776 168 1834 est
184 1761 230 1838 ad
248 1766 515 1852 conserendum
530 1767 762 1863 Baptismum
775 1765 941 1841 solemne
956 1818 967 1854 ,
984 1780 1191 1840 nouantem

113 1859 309 1958 privatum.
327 1864 404 1940 Nec
422 1859 542 1940 obstat
565 1864 687 1938 dicere
702 1889 789 1937 cum
806 1865 963 1948 Suarez,
983 1861 1086 1964 quod
1102 1861 1191 1938 Tri·

112 1955 307 2035 dentinum
320 1961 382 2038 hic
399 1989 475 2056 non
494 1962 718 2063 derogaverit
741 1965 814 2063 juri
834 1962 1005 2060 antiquo,
1028 1987 1102 2062 quo
1125 1959 1193 2058 (ut

112 2062 263 2157 asserit)
282 2087 409 2137 omnes
431 2062 671 2163 suscipientes
688 2063 941 2161 cognationem
955 2059 1196 2137 contrahuntt

112 2153 206 2230 Nam
230 2157 350 2258 primh
372 2186 448 2234 uon
468 2158 629 2234 ostendit
644 2156 803 2251 Saurea,
828 2173 870 2232 ut
890 2184 984 2258 opus
1002 2172 1096 2243 erat,
1114 2182 1190 2257 quo

113 2255 194 2350 jure
223 2257 298 2331 anti
327 2257 424 2334 uitirs
451 2259 491 2332 in
521 2257 705 2360 baptismo
741 2258 878 2358 privato
913 2254 1211 2351 contraheretur.

113 2355 282 2454 cognatio
292 2284 453 2447 ihesum
465 2412 475 2444 ,
489 2360 627 2432 etitmsi
644 2357 715 2431 hoc
728 2355 900 2471 primitiis
911 2369 1089 2431 statutum
1103 2354 1193 2428 irus·

111 2466 179 2533 set.
199 2455 460 2532 Tridentinum
480 2468 602 2529 tamen
615 2453 663 2527 ad
680 2454 848 2527 evitanda
863 2452 1098 2548 incommoda
1125 2451 1191 2526 dc·

112 2550 251 2649 rogavit
267 2552 441 2629 omnibus
458 2553 537 2633 aliis
560 2552 872 2655 prohibitionibus
892 2550 1047 2626 ineundi
1065 2551 1191 2626 Matri·

108 2649 234 2723 monia
255 2704 266 2737 ‚
287 2665 420 2750 praeter
444 2646 544 2742 illas,
585 2679 648 2729 uas
662 2651 722 2726 hic
739 2653 886 2737 statuit,
903 2650 1030 2725 dicens
1050 2649 1194 2721 :Docet

110 2747 341 2841 exponentia,
377 2765 493 2847 ropter
508 2777 567 2822 mn
592 2749 757 2823 t'tudinern
774 2746 1043 2848 prohibitionum
1058 2745 1194 2817 malto-

110 2841 176 2915 tt'es
200 2842 238 2916 in
259 2847 339 2921 cosi
356 2873 398 2920 ns
415 2845 600 2946 prohibitis
618 2847 817 2947 ignoranter
830 2843 993 2919 contrahi
1006 2841 1193 2917 matn'mo-

114 2938 188 3030 nia,
208 2941 245 3014 in
262 2938 383 3044 qnt'bus
403 2946 461 3017 rel
468 2971 539 3018 non
555 2944 632 3019 sine
645 2969 773 3042 magno
784 2959 929 3042 peccato
941 2956 1191 3041 perseveratur,

112 3039 172 3110 ael
188 3066 233 3111 ea
263 3067 336 3115 non
362 3040 440 3116 sine
470 3068 598 3142 magno
626 3041 796 3116 scandolo
821 3040 1033 3114 din'nrunter.
1058 3040 1095 3111 V
1091 3038 1191 3112 olens

109 3132 227 3237 r'taqae
250 3137 290 3214 S.
316 3136 480 3240 Synodns
506 3139 588 3214 nure
613 3137 834 3214 incommodo
859 3137 1072 3238 procedere,
1103 3151 1140 3209 et
1165 3136 1191 3210 d

108 3236 327 3332 cognationes
340 3236 528 3336 spiritualis
552 3237 798 3336 inpedimento
812 3235 982 3333 incipiens
997 3235 1135 3321 stotait,
1152 3251 1192 3307 nt

107 3352 200 3405 unus
224 3339 391 3424 tantdm,
412 3334 486 3410 siri
520 3335 585 3426 eir,
615 3353 679 3409 etc.
697 3349 739 3410 et
753 3335 989 3436 prosequitur
1005 3348 1045 3408 ut
1064 3360 1104 3407 sn
1137 3335 1189 3408 rb.

111 3429 211 3530 Ergb
228 3431 275 3529 ad
292 3433 438 3509 vitanda
464 3433 698 3509 incommoda
721 3433 931 3509 Concilium
953 3360 1191 3533 praescribere

112 3525 245 3615 voluit,
263 3547 307 3605 ut
323 3532 469 3633 praefata
484 3534 656 3634 'cognatio
676 3533 715 3606 in
742 3531 931 3634 posterhm
947 3555 1023 3604 uun
1048 3545 1191 3604 contra·

112 3622 224 3700 hatur
246 3629 356 3703 nisit
387 3630 673 3732 suscipientibus
701 3632 747 3706 de
770 3656 875 3706 sacro
898 3630 1020 3721 fonte,
1038 3627 1133 3703 idest
1149 3627 1191 3703 in

109 3723 296 3818 Baptismo
309 3725 483 3816 solemni,
506 3742 548 3804 ut
562 3728 734 3806 diximus.

158 3819 281 3915 Ques.
301 3824 362 3901 ΙΙΙ.
378 3827 438 3901 Au
454 3842 620 3927 parentes
635 3826 861 3927 baptizantes
879 3823 935 3900 vel
949 3824 1190 3926 suscipientes
1202 3843 1247 3902 150

110 3916 158 3992 de
175 3922 361 4023 Baptismo
378 3922 473 4000 tilios
488 3927 707 4003 contrahant
720 3926 1026 4028 impedimentum
1041 3920 1191 4025 petendi
1209 3988 1213 4001 .

110 4016 276 4096 debitum
291 4020 307 4096 i
324 4024 477 4099 Certum
492 4039 546 4100 est
567 4054 597 4101 ι.
613 4053 689 4101 non
707 4023 947 4112 contrahere,
962 4025 992 4099 si
1006 4022 1194 4142 baptizent

105 4119 146 4195 in
164 4123 375 4200 necessitate
388 4178 402 4231 ἓ
415 4137 457 4202 ut
474 4124 611 4207 docent
621 4125 672 4231 D,
687 4123 825 4201 Thomu
842 4122 956 4226 suppl,
972 4147 1007 4223 q.
1021 4122 1071 4198 50
1086 4133 1152 4210 art.
1174 4143 1189 4197 1
