<?xml version="1.0" encoding="UTF-8"?>
<!DOCTYPE html PUBLIC "-//W3C//DTD XHTML 1.0 Transitional//EN"
    "http://www.w3.org/TR/xhtml1/DTD/xhtml1-transitional.dtd">
<html xmlns="http://www.w3.org/1999/xhtml" xml:lang="en" lang="en">
 <head>
  <title>
</title>
<meta http-equiv="Content-Type" content="text/html;charset=utf-8" />
  <meta name='ocr-system' content='tesseract 3.04.00' />
  <meta name='ocr-capabilities' content='ocr_page ocr_carea ocr_par ocr_line ocrx_word'/>
</head>
<body>
  <div class='ocr_page' id='page_1' title='image "./theologiamorali06ligugoog_0216.png"; bbox 0 0 2900 4675; ppageno 0'>
   <div class='ocr_carea' id='block_1_1' title="bbox 263 270 1254 362">
    <p class='ocr_par' dir='ltr' id='par_1_1' title="bbox 263 270 1254 362">
     <span class='ocr_line' id='line_1_1' title="bbox 263 270 1254 362; baseline -0.001 -21"><span class='ocrx_word' id='word_1_1' title='bbox 263 270 330 342; x_wconf 75' lang='lat'>208</span> <span class='ocrx_word' id='word_1_2' title='bbox 369 272 409 339; x_wconf 81' lang='lat' dir='ltr'>L.</span> <span class='ocrx_word' id='word_1_3' title='bbox 427 272 471 342; x_wconf 87' lang='lat' dir='ltr'>V.</span> <span class='ocrx_word' id='word_1_4' title='bbox 489 272 538 339; x_wconf 86' lang='lat' dir='ltr'>De</span> <span class='ocrx_word' id='word_1_5' title='bbox 556 273 679 339; x_wconf 89' lang='lat' dir='ltr'>ratione</span> <span class='ocrx_word' id='word_1_6' title='bbox 695 271 907 362; x_wconf 83' lang='lat' dir='ltr'>cognoscendi</span> <span class='ocrx_word' id='word_1_7' title='bbox 923 288 955 342; x_wconf 87' lang='lat' dir='ltr'>et</span> <span class='ocrx_word' id='word_1_8' title='bbox 966 275 1102 342; x_wconf 83' lang='lat' dir='ltr'>discam.</span> <span class='ocrx_word' id='word_1_9' title='bbox 1112 273 1254 342; x_wconf 79' lang='lat' dir='ltr'>Peccata.</span> 
     </span>
    </p>
   </div>
   <div class='ocr_carea' id='block_1_2' title="bbox 262 383 1332 583">
    <p class='ocr_par' dir='ltr' id='par_1_2' title="bbox 262 383 1332 583">
     <span class='ocr_line' id='line_1_2' title="bbox 262 383 1331 475; baseline 0 -18"><span class='ocrx_word' id='word_1_10' title='bbox 262 385 416 459; x_wconf 89' lang='lat' dir='ltr'>mientes</span> <span class='ocrx_word' id='word_1_11' title='bbox 431 441 440 475; x_wconf 92' lang='lat'><strong>‚</strong></span> <span class='ocrx_word' id='word_1_12' title='bbox 453 385 509 458; x_wconf 85' lang='lat' dir='ltr'>vel</span> <span class='ocrx_word' id='word_1_13' title='bbox 519 383 723 471; x_wconf 87' lang='lat' dir='ltr'>semiebrii,</span> <span class='ocrx_word' id='word_1_14' title='bbox 741 384 800 457; x_wconf 91' lang='lat' dir='ltr'>vel</span> <span class='ocrx_word' id='word_1_15' title='bbox 814 385 885 457; x_wconf 89' lang='lat' dir='ltr'>alio</span> <span class='ocrx_word' id='word_1_16' title='bbox 898 383 1072 459; x_wconf 75' lang='lat' dir='ltr'><strong>distracti.</strong></span> <span class='ocrx_word' id='word_1_17' title='bbox 1085 387 1207 458; x_wconf 83' lang='lat' dir='ltr'>Potest</span> <span class='ocrx_word' id='word_1_18' title='bbox 1218 395 1331 458; x_wconf 83' lang='lat' dir='ltr'>autem</span> 
     </span>
     <span class='ocr_line' id='line_1_3' title="bbox 262 482 1332 583; baseline -0.001 -28"><span class='ocrx_word' id='word_1_19' title='bbox 262 482 470 555; x_wconf 88' lang='lat' dir='ltr'>intellectus</span> <span class='ocrx_word' id='word_1_20' title='bbox 483 484 562 580; x_wconf 89' lang='lat' dir='ltr'>rapi</span> <span class='ocrx_word' id='word_1_21' title='bbox 578 488 598 554; x_wconf 76' lang='lat' dir='ltr'>a</span> <span class='ocrx_word' id='word_1_22' title='bbox 612 482 896 556; x_wconf 81' lang='lat' dir='ltr'>delectabilitate</span> <span class='ocrx_word' id='word_1_23' title='bbox 917 483 1051 583; x_wconf 85' lang='lat' dir='ltr'>objecti</span> <span class='ocrx_word' id='word_1_24' title='bbox 1070 483 1183 556; x_wconf 88' lang='lat' dir='ltr'>oblati</span> <span class='ocrx_word' id='word_1_25' title='bbox 1202 538 1212 571; x_wconf 94' lang='lat'>,</span> <span class='ocrx_word' id='word_1_26' title='bbox 1230 497 1271 555; x_wconf 86' lang='lat' dir='ltr'>ut</span> <span class='ocrx_word' id='word_1_27' title='bbox 1284 485 1332 553; x_wconf 90' lang='lat' dir='ltr'>ni·</span> 
     </span>
    </p>
   </div>
   <div class='ocr_carea' id='block_1_3' title="bbox 262 580 1418 683">
    <p class='ocr_par' dir='ltr' id='par_1_3' title="bbox 262 580 1418 683">
     <span class='ocr_line' id='line_1_4' title="bbox 262 580 1418 683; baseline -0.003 -29"><span class='ocrx_word' id='word_1_28' title='bbox 262 580 320 654; x_wconf 91' lang='lat' dir='ltr'>hil</span> <span class='ocrx_word' id='word_1_29' title='bbox 335 583 480 655; x_wconf 83' lang='lat' dir='ltr'>malitiae</span> <span class='ocrx_word' id='word_1_30' title='bbox 495 580 643 653; x_wconf 87' lang='lat' dir='ltr'>moralis</span> <span class='ocrx_word' id='word_1_31' title='bbox 659 584 697 653; x_wconf 88' lang='lat' dir='ltr'>in</span> <span class='ocrx_word' id='word_1_32' title='bbox 710 581 779 665; x_wconf 88' lang='lat' dir='ltr'>illo</span> <span class='ocrx_word' id='word_1_33' title='bbox 795 581 978 655; x_wconf 87' lang='lat' dir='ltr'>advertat:</span> <span class='ocrx_word' id='word_1_34' title='bbox 996 583 1093 656; x_wconf 87' lang='lat' dir='ltr'>Hinc</span> <span class='ocrx_word' id='word_1_35' title='bbox 1108 581 1242 683; x_wconf 88' lang='lat' dir='ltr'>triplici</span> <span class='ocrx_word' id='word_1_36' title='bbox 1255 580 1332 652; x_wconf 87' lang='lat' dir='ltr'>huic</span> <span class='ocrx_word' id='word_1_37' title='bbox 1417 602 1418 613; x_wconf 58' lang='lat'>¹</span> 
     </span>
    </p>
   </div>
   <div class='ocr_carea' id='block_1_4' title="bbox 181 678 1337 1046">
    <p class='ocr_par' dir='ltr' id='par_1_4' title="bbox 181 678 1337 1046">
     <span class='ocr_line' id='line_1_5' title="bbox 181 678 1334 779; baseline -0.003 -27"><span class='ocrx_word' id='word_1_38' title='bbox 181 706 185 715; x_wconf 74' lang='grc'><em>’</em></span> <span class='ocrx_word' id='word_1_39' title='bbox 263 681 465 779; x_wconf 86' lang='lat' dir='ltr'>cognitioni</span> <span class='ocrx_word' id='word_1_40' title='bbox 484 678 775 777; x_wconf 80' lang='lat' dir='ltr'>correspondent</span> <span class='ocrx_word' id='word_1_41' title='bbox 795 695 866 753; x_wconf 83' lang='lat' dir='ltr'>tres</span> <span class='ocrx_word' id='word_1_42' title='bbox 882 694 1029 770; x_wconf 90' lang='lat' dir='ltr'>motus,</span> <span class='ocrx_word' id='word_1_43' title='bbox 1058 680 1169 753; x_wconf 85' lang='lat' dir='ltr'>videl.</span> <span class='ocrx_word' id='word_1_44' title='bbox 1187 681 1206 753; x_wconf 92' lang='lat'><em>1</em></span> <span class='ocrx_word' id='word_1_45' title='bbox 1221 681 1334 750; x_wconf 77' lang='lat' dir='ltr'>Motus¹</span> 
     </span>
     <span class='ocr_line' id='line_1_6' title="bbox 260 776 1337 876; baseline -0.001 -28"><span class='ocrx_word' id='word_1_46' title='bbox 260 780 374 873; x_wconf 73' lang='lat' dir='ltr'>pruno</span> <span class='ocrx_word' id='word_1_47' title='bbox 383 776 502 876; x_wconf 81' lang='lat' dir='ltr'>primi,</span> <span class='ocrx_word' id='word_1_48' title='bbox 517 779 580 874; x_wconf 90' lang='lat' dir='ltr'>qui</span> <span class='ocrx_word' id='word_1_49' title='bbox 600 792 832 852; x_wconf 82' lang='lat' dir='ltr'>antevertant</span> <span class='ocrx_word' id='word_1_50' title='bbox 846 804 993 851; x_wconf 88' lang='lat' dir='ltr'>ornnem</span> <span class='ocrx_word' id='word_1_51' title='bbox 1009 777 1268 851; x_wconf 81' lang='lat' dir='ltr'>advertentiam</span> <span class='ocrx_word' id='word_1_52' title='bbox 1280 802 1337 848; x_wconf 90' lang='lat' dir='ltr'>ra·</span> 
     </span>
     <span class='ocr_line' id='line_1_7' title="bbox 262 875 1335 1046; baseline -0.002 -100"><span class='ocrx_word' id='word_1_53' title='bbox 262 877 398 965; x_wconf 88' lang='lat' dir='ltr'>tionis,</span> <span class='ocrx_word' id='word_1_54' title='bbox 422 889 459 948; x_wconf 87' lang='lat' dir='ltr'>et</span> <span class='ocrx_word' id='word_1_55' title='bbox 485 875 525 948; x_wconf 90' lang='lat' dir='ltr'>hi</span> <span class='ocrx_word' id='word_1_56' title='bbox 543 891 630 949; x_wconf 88' lang='lat' dir='ltr'>sunt</span> <span class='ocrx_word' id='word_1_57' title='bbox 647 875 799 971; x_wconf 74' lang='lat' dir='ltr'>omnino</span> <span class='ocrx_word' id='word_1_58' title='bbox 817 876 936 976; x_wconf 79' lang='lat' dir='ltr'>culpae</span> <span class='ocrx_word' id='word_1_59' title='bbox 952 891 1132 1046; x_wconf 65' lang='lat' dir='ltr'>exgertes.</span> <span class='ocrx_word' id='word_1_60' title='bbox 1158 879 1206 950; x_wconf 88' lang='lat' dir='ltr'>H.</span> <span class='ocrx_word' id='word_1_61' title='bbox 1222 875 1335 947; x_wconf 88' lang='lat' dir='ltr'>Motus</span> 
     </span>
    </p>
   </div>
   <div class='ocr_carea' id='block_1_5' title="bbox 262 972 1418 1076">
    <p class='ocr_par' dir='ltr' id='par_1_5' title="bbox 262 972 1418 1076">
     <span class='ocr_line' id='line_1_8' title="bbox 262 972 1418 1076; baseline -0.001 -33"><span class='ocrx_word' id='word_1_62' title='bbox 262 976 417 1046; x_wconf 68' lang='lat' dir='ltr'>secunde)</span> <span class='ocrx_word' id='word_1_63' title='bbox 436 972 566 1067; x_wconf 69' lang='lat' dir='ltr'>primi,</span> <span class='ocrx_word' id='word_1_64' title='bbox 591 977 657 1073; x_wconf 89' lang='lat' dir='ltr'>qui</span> <span class='ocrx_word' id='word_1_65' title='bbox 676 975 769 1048; x_wconf 87' lang='lat' dir='ltr'>fiunt</span> <span class='ocrx_word' id='word_1_66' title='bbox 783 1001 869 1047; x_wconf 86' lang='lat' dir='ltr'>oum</span> <span class='ocrx_word' id='word_1_67' title='bbox 885 978 1001 1076; x_wconf 89' lang='lat' dir='ltr'>semip</span> <span class='ocrx_word' id='word_1_68' title='bbox 1020 1002 1086 1048; x_wconf 88' lang='lat' dir='ltr'>ena</span> <span class='ocrx_word' id='word_1_69' title='bbox 1107 973 1336 1062; x_wconf 88' lang='lat' dir='ltr'>advertentia,</span> <span class='ocrx_word' id='word_1_70' title='bbox 1417 1032 1418 1043; x_wconf 71' lang='grc'>,</span> 
     </span>
    </p>
   </div>
   <div class='ocr_carea' id='block_1_6' title="bbox 263 1070 1418 1541">
    <p class='ocr_par' dir='ltr' id='par_1_6' title="bbox 263 1070 1418 1541">
     <span class='ocr_line' id='line_1_9' title="bbox 263 1070 1418 1171; baseline -0.004 -27"><span class='ocrx_word' id='word_1_71' title='bbox 263 1072 357 1144; x_wconf 88' lang='lat' dir='ltr'>ethi</span> <span class='ocrx_word' id='word_1_72' title='bbox 373 1072 521 1171; x_wconf 86' lang='lat' dir='ltr'>culpam</span> <span class='ocrx_word' id='word_1_73' title='bbox 544 1072 721 1145; x_wconf 86' lang='lat' dir='ltr'>venialem</span> <span class='ocrx_word' id='word_1_74' title='bbox 741 1099 815 1145; x_wconf 92' lang='lat' dir='ltr'>non</span> <span class='ocrx_word' id='word_1_75' title='bbox 836 1072 1016 1147; x_wconf 85' lang='lat' dir='ltr'>excedunt</span> <span class='ocrx_word' id='word_1_76' title='bbox 1034 1098 1044 1161; x_wconf 87' lang='lat'><strong>;</strong></span> <span class='ocrx_word' id='word_1_77' title='bbox 1063 1074 1181 1165; x_wconf 85' lang='lat' dir='ltr'>Quia,</span> <span class='ocrx_word' id='word_1_78' title='bbox 1206 1070 1288 1145; x_wconf 80' lang='lat' dir='ltr'>olim</span> <span class='ocrx_word' id='word_1_79' title='bbox 1302 1071 1337 1140; x_wconf 92' lang='lat' dir='ltr'>in</span> <span class='ocrx_word' id='word_1_80' title='bbox 1417 1116 1418 1161; x_wconf 68' lang='lat'>,</span> 
     </span>
     <span class='ocr_line' id='line_1_10' title="bbox 263 1170 1418 1270; baseline -0.002 -28"><span class='ocrx_word' id='word_1_81' title='bbox 263 1173 317 1242; x_wconf 88' lang='lat' dir='ltr'>cis</span> <span class='ocrx_word' id='word_1_82' title='bbox 334 1196 408 1242; x_wconf 90' lang='lat' dir='ltr'>non</span> <span class='ocrx_word' id='word_1_83' title='bbox 417 1173 643 1269; x_wconf 77' lang='lat' dir='ltr'>praecesserit</span> <span class='ocrx_word' id='word_1_84' title='bbox 655 1170 766 1270; x_wconf 90' lang='lat' dir='ltr'>plena</span> <span class='ocrx_word' id='word_1_85' title='bbox 785 1170 1027 1257; x_wconf 89' lang='lat' dir='ltr'>advertentia,</span> <span class='ocrx_word' id='word_1_86' title='bbox 1047 1170 1214 1245; x_wconf 88' lang='lat' dir='ltr'>voluntas</span> <span class='ocrx_word' id='word_1_87' title='bbox 1233 1173 1269 1241; x_wconf 91' lang='lat' dir='ltr'>in</span> <span class='ocrx_word' id='word_1_88' title='bbox 1283 1193 1336 1240; x_wconf 85' lang='lat' dir='ltr'>eoa</span> <span class='ocrx_word' id='word_1_89' title='bbox 1417 1178 1418 1223; x_wconf 47' lang='grc' dir='ltr'>Τ</span> 
     </span>
     <span class='ocr_line' id='line_1_11' title="bbox 264 1262 1339 1371; baseline -0.005 -30"><span class='ocrx_word' id='word_1_90' title='bbox 264 1294 343 1341; x_wconf 88' lang='lat' dir='ltr'>uon</span> <span class='ocrx_word' id='word_1_91' title='bbox 383 1271 567 1342; x_wconf 86' lang='lat' dir='ltr'>consentit</span> <span class='ocrx_word' id='word_1_92' title='bbox 591 1297 678 1342; x_wconf 83' lang='lat' dir='ltr'>cum</span> <span class='ocrx_word' id='word_1_93' title='bbox 709 1270 870 1371; x_wconf 85' lang='lat' dir='ltr'>perfecta</span> <span class='ocrx_word' id='word_1_94' title='bbox 911 1269 1083 1344; x_wconf 72' lang='lat' dir='ltr'>libertatev</span> <span class='ocrx_word' id='word_1_95' title='bbox 1105 1270 1277 1368; x_wconf 85' lang='lat' dir='ltr'>requisita</span> <span class='ocrx_word' id='word_1_96' title='bbox 1300 1262 1339 1337; x_wconf 87' lang='lat' dir='ltr'>ad</span> 
     </span>
     <span class='ocr_line' id='line_1_12' title="bbox 264 1366 1418 1541; baseline -0.004 -102"><span class='ocrx_word' id='word_1_97' title='bbox 264 1368 432 1439; x_wconf 84' lang='lat' dir='ltr'>mortale.</span> <span class='ocrx_word' id='word_1_98' title='bbox 447 1366 511 1440; x_wconf 83' lang='grc' dir='ltr'><strong>ΙΙΙ.</strong></span> <span class='ocrx_word' id='word_1_99' title='bbox 526 1368 650 1440; x_wconf 80' lang='lat' dir='ltr'>Motus</span> <span class='ocrx_word' id='word_1_100' title='bbox 662 1367 843 1440; x_wconf 75' lang='lat' dir='ltr'>deliberati</span> <span class='ocrx_word' id='word_1_101' title='bbox 856 1367 1039 1541; x_wconf 59' lang='lat' dir='ltr'>denigne,</span> <span class='ocrx_word' id='word_1_102' title='bbox 1060 1368 1123 1467; x_wconf 89' lang='lat' dir='ltr'>qui</span> <span class='ocrx_word' id='word_1_103' title='bbox 1143 1371 1239 1441; x_wconf 88' lang='lat' dir='ltr'>liunt</span> <span class='ocrx_word' id='word_1_104' title='bbox 1263 1386 1339 1437; x_wconf 85' lang='lat' dir='ltr'>curu</span> <span class='ocrx_word' id='word_1_105' title='bbox 1362 1386 1365 1391; x_wconf 70' lang='grc'><strong><em>’</em></strong></span> <span class='ocrx_word' id='word_1_106' title='bbox 1417 1410 1418 1461; x_wconf 70' lang='lat'>1</span> 
     </span>
    </p>
   </div>
   <div class='ocr_carea' id='block_1_7' title="bbox 258 1460 1418 1963">
    <p class='ocr_par' dir='ltr' id='par_1_7' title="bbox 258 1460 1418 1963">
     <span class='ocr_line' id='line_1_13' title="bbox 265 1460 1418 1563; baseline 0 -28"><span class='ocrx_word' id='word_1_107' title='bbox 265 1463 375 1563; x_wconf 85' lang='lat' dir='ltr'>plena</span> <span class='ocrx_word' id='word_1_108' title='bbox 397 1463 618 1538; x_wconf 87' lang='lat' dir='ltr'>advertentia</span> <span class='ocrx_word' id='word_1_109' title='bbox 640 1464 853 1539; x_wconf 68' lang='lat' dir='ltr'>intellectus</span> <span class='ocrx_word' id='word_1_110' title='bbox 877 1466 954 1540; x_wconf 91' lang='lat' dir='ltr'>clar</span> <span class='ocrx_word' id='word_1_111' title='bbox 995 1467 1237 1543; x_wconf 86' lang='lat' dir='ltr'>discernentis</span> <span class='ocrx_word' id='word_1_112' title='bbox 1251 1460 1341 1534; x_wconf 86' lang='lat' dir='ltr'>mali·</span> <span class='ocrx_word' id='word_1_113' title='bbox 1417 1522 1418 1545; x_wconf 67' lang='lat'>,</span> 
     </span>
     <span class='ocr_line' id='line_1_14' title="bbox 264 1558 1418 1664; baseline 0.002 -30"><span class='ocrx_word' id='word_1_114' title='bbox 264 1566 355 1634; x_wconf 82' lang='lat' dir='ltr'>tiam</span> <span class='ocrx_word' id='word_1_115' title='bbox 369 1562 568 1648; x_wconf 87' lang='lat' dir='ltr'>moralem,</span> <span class='ocrx_word' id='word_1_116' title='bbox 587 1561 716 1636; x_wconf 76' lang='lat' dir='ltr'>saltem</span> <span class='ocrx_word' id='word_1_117' title='bbox 731 1564 880 1638; x_wconf 73' lang='lat' dir='ltr'>confuse</span> <span class='ocrx_word' id='word_1_118' title='bbox 897 1567 934 1638; x_wconf 91' lang='lat' dir='ltr'>in</span> <span class='ocrx_word' id='word_1_119' title='bbox 949 1590 1103 1664; x_wconf 81' lang='lat' dir='ltr'>genere,</span> <span class='ocrx_word' id='word_1_120' title='bbox 1122 1579 1159 1637; x_wconf 88' lang='lat' dir='ltr'>et</span> <span class='ocrx_word' id='word_1_121' title='bbox 1176 1590 1261 1638; x_wconf 90' lang='lat' dir='ltr'>cum</span> <span class='ocrx_word' id='word_1_122' title='bbox 1275 1559 1340 1660; x_wconf 83' lang='lat' dir='ltr'>ple·</span> <span class='ocrx_word' id='word_1_123' title='bbox 1417 1558 1418 1587; x_wconf 62' lang='lat'>¹</span> 
     </span>
     <span class='ocr_line' id='line_1_15' title="bbox 266 1658 1418 1756; baseline -0.002 -23"><span class='ocrx_word' id='word_1_124' title='bbox 266 1687 316 1733; x_wconf 88' lang='lat' dir='ltr'>no</span> <span class='ocrx_word' id='word_1_125' title='bbox 337 1687 517 1756; x_wconf 87' lang='lat' dir='ltr'>consensu</span> <span class='ocrx_word' id='word_1_126' title='bbox 536 1660 763 1735; x_wconf 84' lang='lat' dir='ltr'>voluntatis:</span> <span class='ocrx_word' id='word_1_127' title='bbox 787 1676 823 1735; x_wconf 87' lang='lat' dir='ltr'>et</span> <span class='ocrx_word' id='word_1_128' title='bbox 840 1662 879 1734; x_wconf 93' lang='lat' dir='ltr'>hi</span> <span class='ocrx_word' id='word_1_129' title='bbox 904 1679 992 1737; x_wconf 85' lang='lat' dir='ltr'>sunt</span> <span class='ocrx_word' id='word_1_130' title='bbox 1014 1662 1209 1749; x_wconf 89' lang='lat' dir='ltr'>mortalia,</span> <span class='ocrx_word' id='word_1_131' title='bbox 1236 1663 1264 1734; x_wconf 86' lang='lat' dir='ltr'>ai</span> <span class='ocrx_word' id='word_1_132' title='bbox 1282 1658 1342 1732; x_wconf 88' lang='lat' dir='ltr'>ob·</span> <span class='ocrx_word' id='word_1_133' title='bbox 1417 1740 1418 1745; x_wconf 6' lang='grc' dir='ltr'>ἵ</span> 
     </span>
     <span class='ocr_line' id='line_1_16' title="bbox 265 1758 1418 1858; baseline -0.003 -27"><span class='ocrx_word' id='word_1_134' title='bbox 265 1764 360 1857; x_wconf 85' lang='lat' dir='ltr'>jecta</span> <span class='ocrx_word' id='word_1_135' title='bbox 381 1759 451 1831; x_wconf 85' lang='lat' dir='ltr'>snb</span> <span class='ocrx_word' id='word_1_136' title='bbox 468 1761 565 1858; x_wconf 86' lang='lat' dir='ltr'>gravi</span> <span class='ocrx_word' id='word_1_137' title='bbox 583 1775 669 1833; x_wconf 89' lang='lat' dir='ltr'>sunt</span> <span class='ocrx_word' id='word_1_138' title='bbox 694 1760 814 1832; x_wconf 87' lang='lat' dir='ltr'>vetita.</span> <span class='ocrx_word' id='word_1_139' title='bbox 832 1760 886 1833; x_wconf 76' lang='lat' dir='ltr'>Ita</span> <span class='ocrx_word' id='word_1_140' title='bbox 906 1762 1152 1835; x_wconf 87' lang='lat' dir='ltr'>communiter</span> <span class='ocrx_word' id='word_1_141' title='bbox 1166 1760 1205 1834; x_wconf 87' lang='lat' dir='ltr'>S.</span> <span class='ocrx_word' id='word_1_142' title='bbox 1223 1758 1340 1830; x_wconf 76' lang='lat' dir='ltr'>Thoar.</span> <span class='ocrx_word' id='word_1_143' title='bbox 1417 1818 1418 1851; x_wconf 64' lang='lat'>,</span> 
     </span>
     <span class='ocr_line' id='line_1_17' title="bbox 258 1857 1418 1963; baseline -0.003 -34"><span class='ocrx_word' id='word_1_144' title='bbox 258 1859 311 1930; x_wconf 57' lang='lat' dir='ltr'>»de</span> <span class='ocrx_word' id='word_1_145' title='bbox 329 1858 431 1930; x_wconf 82' lang='lat' dir='ltr'>Malo</span> <span class='ocrx_word' id='word_1_146' title='bbox 448 1884 484 1958; x_wconf 80' lang='lat' dir='ltr'>q.</span> <span class='ocrx_word' id='word_1_147' title='bbox 515 1885 536 1958; x_wconf 83' lang='lat'><strong>7</strong></span> <span class='ocrx_word' id='word_1_148' title='bbox 557 1884 610 1933; x_wconf 84' lang='lat' dir='ltr'>ur.</span> <span class='ocrx_word' id='word_1_149' title='bbox 639 1859 674 1932; x_wconf 90' lang='lat'>6.</span> <span class='ocrx_word' id='word_1_150' title='bbox 694 1857 773 1955; x_wconf 80' lang='lat' dir='ltr'>Caj.</span> <span class='ocrx_word' id='word_1_151' title='bbox 796 1860 906 1958; x_wconf 74' lang='lat' dir='ltr'>Vasq.</span> <span class='ocrx_word' id='word_1_152' title='bbox 926 1859 1057 1948; x_wconf 75' lang='lat' dir='ltr'>Saneh.</span> <span class='ocrx_word' id='word_1_153' title='bbox 1083 1861 1197 1933; x_wconf 82' lang='lat' dir='ltr'>Azor.</span> <span class='ocrx_word' id='word_1_154' title='bbox 1218 1858 1341 1932; x_wconf 80' lang='lat' dir='ltr'>Bonae.</span> <span class='ocrx_word' id='word_1_155' title='bbox 1417 1874 1418 1963; x_wconf 61' lang='lat' dir='ltr'>j</span> 
     </span>
    </p>
   </div>
   <div class='ocr_carea' id='block_1_8' title="bbox 264 1954 1340 2255">
    <p class='ocr_par' dir='ltr' id='par_1_8' title="bbox 264 1954 1340 2255">
     <span class='ocr_line' id='line_1_18' title="bbox 264 1954 1255 2050; baseline 0.003 -22"><span class='ocrx_word' id='word_1_156' title='bbox 264 1954 362 2031; x_wconf 74' lang='lat' dir='ltr'>Nae.</span> <span class='ocrx_word' id='word_1_157' title='bbox 378 1973 445 2029; x_wconf 82' lang='lat' dir='ltr'>ete.</span> <span class='ocrx_word' id='word_1_158' title='bbox 462 1971 534 2029; x_wconf 86' lang='lat' dir='ltr'>tum</span> <span class='ocrx_word' id='word_1_159' title='bbox 550 1954 661 2027; x_wconf 84' lang='lat' dir='ltr'>Salm.</span> <span class='ocrx_word' id='word_1_160' title='bbox 684 1957 801 2030; x_wconf 84' lang='lat' dir='ltr'>Truct.</span> <span class='ocrx_word' id='word_1_161' title='bbox 818 1976 864 2030; x_wconf 82' lang='lat' dir='ltr'>ao</span> <span class='ocrx_word' id='word_1_162' title='bbox 883 1984 913 2029; x_wconf 88' lang='lat' dir='ltr'>c.</span> <span class='ocrx_word' id='word_1_163' title='bbox 943 1958 984 2030; x_wconf 84' lang='grc'>13</span> <span class='ocrx_word' id='word_1_164' title='bbox 1001 1986 1035 2030; x_wconf 85' lang='lat' dir='ltr'>n.</span> <span class='ocrx_word' id='word_1_165' title='bbox 1055 1985 1076 2031; x_wconf 82' lang='lat' dir='ltr'>a</span> <span class='ocrx_word' id='word_1_166' title='bbox 1095 2012 1105 2044; x_wconf 84' lang='lat'>,</span> <span class='ocrx_word' id='word_1_167' title='bbox 1124 1959 1147 2033; x_wconf 84' lang='lat'>3</span> <span class='ocrx_word' id='word_1_168' title='bbox 1169 1974 1207 2045; x_wconf 83' lang='lat' dir='ltr'>et</span> <span class='ocrx_word' id='word_1_169' title='bbox 1219 1958 1255 2050; x_wconf 76' lang='lat' dir='ltr'>tl.</span> 
     </span>
     <span class='ocr_line' id='line_1_19' title="bbox 315 2046 1340 2157; baseline -0.007 -29"><span class='ocrx_word' id='word_1_170' title='bbox 315 2056 383 2128; x_wconf 88' lang='lat' dir='ltr'>His</span> <span class='ocrx_word' id='word_1_171' title='bbox 394 2056 605 2155; x_wconf 76' lang='lat' dir='ltr'>praemissis,</span> <span class='ocrx_word' id='word_1_172' title='bbox 622 2056 775 2155; x_wconf 79' lang='lat' dir='ltr'>quaestio</span> <span class='ocrx_word' id='word_1_173' title='bbox 795 2056 904 2141; x_wconf 84' lang='lat' dir='ltr'>lit,an</span> <span class='ocrx_word' id='word_1_174' title='bbox 923 2055 970 2129; x_wconf 90' lang='lat' dir='ltr'>ad</span> <span class='ocrx_word' id='word_1_175' title='bbox 986 2070 1182 2157; x_wconf 86' lang='lat' dir='ltr'>peccatum</span> <span class='ocrx_word' id='word_1_176' title='bbox 1199 2046 1340 2125; x_wconf 85' lang='lat' dir='ltr'>mortale</span> 
     </span>
     <span class='ocr_line' id='line_1_20' title="bbox 266 2151 1340 2255; baseline -0.01 -26"><span class='ocrx_word' id='word_1_177' title='bbox 266 2155 476 2251; x_wconf 83' lang='lat' dir='ltr'>requiratur</span> <span class='ocrx_word' id='word_1_178' title='bbox 487 2153 712 2225; x_wconf 88' lang='lat' dir='ltr'>advertentia</span> <span class='ocrx_word' id='word_1_179' title='bbox 728 2152 881 2228; x_wconf 89' lang='lat' dir='ltr'>actualis</span> <span class='ocrx_word' id='word_1_180' title='bbox 898 2169 934 2227; x_wconf 86' lang='lat' dir='ltr'>et</span> <span class='ocrx_word' id='word_1_181' title='bbox 948 2180 1117 2255; x_wconf 82' lang='lat' dir='ltr'>expressa</span> <span class='ocrx_word' id='word_1_182' title='bbox 1136 2151 1340 2225; x_wconf 76' lang='lat' dir='ltr'>malitiaene·</span> 
     </span>
    </p>
   </div>
   <div class='ocr_carea' id='block_1_9' title="bbox 267 2244 1418 2353">
    <p class='ocr_par' dir='ltr' id='par_1_9' title="bbox 267 2244 1418 2353">
     <span class='ocr_line' id='line_1_21' title="bbox 267 2244 1418 2353; baseline -0.017 -29"><span class='ocrx_word' id='word_1_183' title='bbox 267 2250 347 2337; x_wconf 75' lang='lat' dir='ltr'>tus,</span> <span class='ocrx_word' id='word_1_184' title='bbox 360 2250 420 2323; x_wconf 89' lang='lat' dir='ltr'>vel</span> <span class='ocrx_word' id='word_1_185' title='bbox 431 2251 585 2324; x_wconf 81' lang='lat' dir='ltr'>sufficiat</span> <span class='ocrx_word' id='word_1_186' title='bbox 596 2251 759 2325; x_wconf 85' lang='lat' dir='ltr'>virtualis</span> <span class='ocrx_word' id='word_1_187' title='bbox 771 2307 781 2340; x_wconf 96' lang='lat'>,</span> <span class='ocrx_word' id='word_1_188' title='bbox 791 2244 1104 2353; x_wconf 87' lang='lat' dir='ltr'>etinterpretativa</span> <span class='ocrx_word' id='word_1_189' title='bbox 1115 2254 1131 2324; x_wconf 73' lang='grc' dir='ltr'>,Ρ</span> <span class='ocrx_word' id='word_1_190' title='bbox 1144 2253 1340 2325; x_wconf 86' lang='lat' dir='ltr'>Primasen·</span> <span class='ocrx_word' id='word_1_191' title='bbox 1417 2250 1418 2305; x_wconf 59' lang='grc' dir='ltr'><strong>ὲ</strong></span> 
     </span>
    </p>
   </div>
   <div class='ocr_carea' id='block_1_10' title="bbox 267 2341 1340 2452">
    <p class='ocr_par' dir='ltr' id='par_1_10' title="bbox 267 2341 1340 2452">
     <span class='ocr_line' id='line_1_22' title="bbox 267 2341 1340 2452; baseline -0.008 -28"><span class='ocrx_word' id='word_1_192' title='bbox 267 2351 382 2424; x_wconf 89' lang='lat' dir='ltr'>tentia</span> <span class='ocrx_word' id='word_1_193' title='bbox 402 2405 412 2437; x_wconf 91' lang='lat'>,</span> <span class='ocrx_word' id='word_1_194' title='bbox 429 2375 541 2448; x_wconf 89' lang='lat' dir='ltr'>quam</span> <span class='ocrx_word' id='word_1_195' title='bbox 556 2346 645 2420; x_wconf 92' lang='lat' dir='ltr'>olim</span> <span class='ocrx_word' id='word_1_196' title='bbox 658 2352 939 2448; x_wconf 79' lang='lat' dir='ltr'>tenuereCajet.</span> <span class='ocrx_word' id='word_1_197' title='bbox 953 2354 970 2444; x_wconf 90' lang='lat'><strong>(</strong></span> <span class='ocrx_word' id='word_1_198' title='bbox 983 2377 1018 2424; x_wconf 81' lang='lat' dir='ltr'>a.</span> <span class='ocrx_word' id='word_1_199' title='bbox 1034 2378 1056 2424; x_wconf 84' lang='lat' dir='ltr'>a</span> <span class='ocrx_word' id='word_1_200' title='bbox 1075 2378 1110 2452; x_wconf 81' lang='lat' dir='ltr'>q.</span> <span class='ocrx_word' id='word_1_201' title='bbox 1125 2354 1175 2427; x_wconf 85' lang='lat'>88</span> <span class='ocrx_word' id='word_1_202' title='bbox 1190 2378 1214 2422; x_wconf 85' lang='lat' dir='ltr'>a</span> <span class='ocrx_word' id='word_1_203' title='bbox 1234 2376 1246 2422; x_wconf 86' lang='lat'>1</span> <span class='ocrx_word' id='word_1_204' title='bbox 1269 2341 1340 2416; x_wconf 85' lang='lat' dir='ltr'>dub.</span> 
     </span>
    </p>
   </div>
   <div class='ocr_carea' id='block_1_11' title="bbox 268 2431 1418 2644">
    <p class='ocr_par' dir='ltr' id='par_1_11' title="bbox 268 2431 1418 2644">
     <span class='ocr_line' id='line_1_23' title="bbox 269 2431 1418 2545; baseline -0.004 -24"><span class='ocrx_word' id='word_1_205' title='bbox 269 2448 292 2521; x_wconf 86' lang='lat'>3</span> <span class='ocrx_word' id='word_1_206' title='bbox 310 2460 326 2543; x_wconf 81' lang='lat'>)</span> <span class='ocrx_word' id='word_1_207' title='bbox 352 2474 395 2521; x_wconf 86' lang='lat' dir='ltr'>ac</span> <span class='ocrx_word' id='word_1_208' title='bbox 417 2449 566 2519; x_wconf 79' lang='lat' dir='ltr'>Mediae</span> <span class='ocrx_word' id='word_1_209' title='bbox 583 2501 593 2535; x_wconf 95' lang='lat'>,</span> <span class='ocrx_word' id='word_1_210' title='bbox 613 2446 763 2545; x_wconf 81' lang='lat' dir='ltr'>Lopez,</span> <span class='ocrx_word' id='word_1_211' title='bbox 787 2448 916 2539; x_wconf 81' lang='lat' dir='ltr'>Serra,</span> <span class='ocrx_word' id='word_1_212' title='bbox 935 2450 1083 2537; x_wconf 81' lang='lat' dir='ltr'>Prado,</span> <span class='ocrx_word' id='word_1_213' title='bbox 1109 2464 1145 2523; x_wconf 89' lang='lat' dir='ltr'>et</span> <span class='ocrx_word' id='word_1_214' title='bbox 1165 2447 1227 2522; x_wconf 81' lang='lat' dir='ltr'>alii</span> <span class='ocrx_word' id='word_1_215' title='bbox 1251 2437 1341 2543; x_wconf 86' lang='lat' dir='ltr'>apud</span> <span class='ocrx_word' id='word_1_216' title='bbox 1358 2465 1363 2477; x_wconf 78' lang='grc'><em>“</em></span> <span class='ocrx_word' id='word_1_217' title='bbox 1417 2431 1418 2516; x_wconf 67' lang='lat' dir='ltr'>l</span> 
     </span>
     <span class='ocr_line' id='line_1_24' title="bbox 268 2537 1418 2644; baseline -0.009 -25"><span class='ocrx_word' id='word_1_218' title='bbox 268 2546 379 2619; x_wconf 82' lang='lat' dir='ltr'>Salm.</span> <span class='ocrx_word' id='word_1_219' title='bbox 401 2546 468 2642; x_wconf 84' lang='lat' dir='ltr'>(tr.</span> <span class='ocrx_word' id='word_1_220' title='bbox 489 2570 535 2618; x_wconf 76' lang='lat' dir='ltr'>ao</span> <span class='ocrx_word' id='word_1_221' title='bbox 553 2572 585 2621; x_wconf 87' lang='lat' dir='ltr'>c.</span> <span class='ocrx_word' id='word_1_222' title='bbox 607 2546 702 2621; x_wconf 78' lang='lat'><em>1317.</em></span> <span class='ocrx_word' id='word_1_223' title='bbox 719 2545 753 2620; x_wconf 88' lang='grc'>5.</span> <span class='ocrx_word' id='word_1_224' title='bbox 773 2544 789 2642; x_wconf 87' lang='grc'>)</span> <span class='ocrx_word' id='word_1_225' title='bbox 806 2560 915 2644; x_wconf 88' lang='lat' dir='ltr'>atque</span> <span class='ocrx_word' id='word_1_226' title='bbox 945 2546 1050 2621; x_wconf 72' lang='lat' dir='ltr'>enixe</span> <span class='ocrx_word' id='word_1_227' title='bbox 1066 2537 1344 2621; x_wconf 84' lang='lat' dir='ltr'>tuentanonci·</span> <span class='ocrx_word' id='word_1_228' title='bbox 1417 2609 1418 2630; x_wconf 59' lang='lat'>,</span> 
     </span>
    </p>
   </div>
   <div class='ocr_carea' id='block_1_12' title="bbox 269 2639 1341 2743">
    <p class='ocr_par' dir='ltr' id='par_1_12' title="bbox 269 2639 1341 2743">
     <span class='ocr_line' id='line_1_25' title="bbox 269 2639 1341 2743; baseline -0.007 -26"><span class='ocrx_word' id='word_1_229' title='bbox 269 2671 318 2717; x_wconf 87' lang='lat' dir='ltr'>na</span> <span class='ocrx_word' id='word_1_230' title='bbox 332 2702 341 2732; x_wconf 93' lang='lat'>,</span> <span class='ocrx_word' id='word_1_231' title='bbox 359 2643 587 2717; x_wconf 82' lang='lat' dir='ltr'>Conu&#39;rruotor</span> <span class='ocrx_word' id='word_1_232' title='bbox 599 2643 729 2721; x_wconf 82' lang='lat' dir='ltr'>Toum.</span> <span class='ocrx_word' id='word_1_233' title='bbox 745 2700 755 2734; x_wconf 92' lang='lat'>,</span> <span class='ocrx_word' id='word_1_234' title='bbox 773 2646 932 2743; x_wconf 81' lang='lat' dir='ltr'>Angelus</span> <span class='ocrx_word' id='word_1_235' title='bbox 942 2648 980 2717; x_wconf 89' lang='lat' dir='ltr'><em>F</em></span> <span class='ocrx_word' id='word_1_236' title='bbox 977 2671 1128 2742; x_wconf 66' lang='lat' dir='ltr'>mucosa</span> <span class='ocrx_word' id='word_1_237' title='bbox 1147 2702 1158 2732; x_wconf 86' lang='lat'>,</span> <span class='ocrx_word' id='word_1_238' title='bbox 1175 2639 1341 2723; x_wconf 81' lang='lat' dir='ltr'>Antor&#39;ue,</span> 
     </span>
    </p>
   </div>
   <div class='ocr_carea' id='block_1_13' title="bbox 270 2731 1418 2842">
    <p class='ocr_par' dir='ltr' id='par_1_13' title="bbox 270 2731 1418 2842">
     <span class='ocr_line' id='line_1_26' title="bbox 270 2731 1418 2842; baseline -0.006 -25"><span class='ocrx_word' id='word_1_239' title='bbox 270 2743 386 2818; x_wconf 91' lang='lat' dir='ltr'>etalii</span> <span class='ocrx_word' id='word_1_240' title='bbox 403 2742 662 2836; x_wconf 85' lang='lat' dir='ltr'>Recentiores(</span> <span class='ocrx_word' id='word_1_241' title='bbox 679 2742 787 2819; x_wconf 80' lang='lat' dir='ltr'>Cone.</span> <span class='ocrx_word' id='word_1_242' title='bbox 799 2743 833 2816; x_wconf 84' lang='lat' dir='ltr'>in</span> <span class='ocrx_word' id='word_1_243' title='bbox 845 2743 968 2842; x_wconf 82' lang='lat' dir='ltr'>Coinp.</span> <span class='ocrx_word' id='word_1_244' title='bbox 987 2742 1107 2817; x_wconf 68' lang='lat' dir='ltr'>Theol.</span> <span class='ocrx_word' id='word_1_245' title='bbox 1122 2744 1180 2818; x_wconf 80' lang='lat' dir='ltr'>lib.</span> <span class='ocrx_word' id='word_1_246' title='bbox 1201 2746 1237 2819; x_wconf 82' lang='grc'>8.</span> <span class='ocrx_word' id='word_1_247' title='bbox 1255 2738 1297 2811; x_wconf 84' lang='lat' dir='ltr'>D.</span> <span class='ocrx_word' id='word_1_248' title='bbox 1310 2731 1339 2804; x_wconf 81' lang='lat'>3·</span> <span class='ocrx_word' id='word_1_249' title='bbox 1417 2801 1418 2808; x_wconf 72' lang='grc'>,</span> 
     </span>
    </p>
   </div>
   <div class='ocr_carea' id='block_1_14' title="bbox 269 2839 1342 2940">
    <p class='ocr_par' dir='ltr' id='par_1_14' title="bbox 269 2839 1342 2940">
     <span class='ocr_line' id='line_1_27' title="bbox 269 2839 1342 2940; baseline -0.007 -26"><span class='ocrx_word' id='word_1_250' title='bbox 269 2868 348 2940; x_wconf 78' lang='lat' dir='ltr'>cap.</span> <span class='ocrx_word' id='word_1_251' title='bbox 366 2868 388 2936; x_wconf 77' lang='lat' dir='ltr'>a</span> <span class='ocrx_word' id='word_1_252' title='bbox 408 2867 446 2912; x_wconf 86' lang='lat' dir='ltr'>n.</span> <span class='ocrx_word' id='word_1_253' title='bbox 467 2844 523 2933; x_wconf 76' lang='grc'>14.</span> <span class='ocrx_word' id='word_1_254' title='bbox 552 2841 653 2917; x_wconf 84' lang='lat' dir='ltr'>Cont.</span> <span class='ocrx_word' id='word_1_255' title='bbox 675 2839 806 2914; x_wconf 86' lang='lat' dir='ltr'>Toum.</span> <span class='ocrx_word' id='word_1_256' title='bbox 822 2858 869 2915; x_wconf 84' lang='lat' dir='ltr'>to.</span> <span class='ocrx_word' id='word_1_257' title='bbox 887 2867 909 2914; x_wconf 83' lang='lat'><em>2</em></span> <span class='ocrx_word' id='word_1_258' title='bbox 926 2843 971 2914; x_wconf 85' lang='lat' dir='ltr'>de</span> <span class='ocrx_word' id='word_1_259' title='bbox 991 2842 1100 2915; x_wconf 85' lang='lat' dir='ltr'>Pecc.</span> <span class='ocrx_word' id='word_1_260' title='bbox 1114 2863 1195 2939; x_wconf 76' lang='lat' dir='ltr'>cap.</span> <span class='ocrx_word' id='word_1_261' title='bbox 1209 2840 1232 2933; x_wconf 69' lang='grc'>4</span> <span class='ocrx_word' id='word_1_262' title='bbox 1244 2861 1292 2910; x_wconf 84' lang='lat' dir='ltr'>ar.</span> <span class='ocrx_word' id='word_1_263' title='bbox 1316 2857 1342 2902; x_wconf 82' lang='lat'>1·</span> 
     </span>
    </p>
   </div>
   <div class='ocr_carea' id='block_1_15' title="bbox 270 2921 1418 3035">
    <p class='ocr_par' dir='ltr' id='par_1_15' title="bbox 270 2921 1418 3035">
     <span class='ocr_line' id='line_1_28' title="bbox 270 2921 1418 3035; baseline -0.007 -23"><span class='ocrx_word' id='word_1_264' title='bbox 270 2938 453 3032; x_wconf 81' lang='lat' dir='ltr'>Franzoja</span> <span class='ocrx_word' id='word_1_265' title='bbox 468 2939 503 3009; x_wconf 83' lang='lat' dir='ltr'>in</span> <span class='ocrx_word' id='word_1_266' title='bbox 522 2936 690 3013; x_wconf 81' lang='lat' dir='ltr'>Busemb.</span> <span class='ocrx_word' id='word_1_267' title='bbox 707 2921 769 3010; x_wconf 63' lang='lat' dir='ltr'>lib.</span> <span class='ocrx_word' id='word_1_268' title='bbox 789 2938 906 3035; x_wconf 77' lang='lat' dir='ltr'>5cap.</span> <span class='ocrx_word' id='word_1_269' title='bbox 932 2941 1010 3012; x_wconf 81' lang='lat' dir='ltr'>2de</span> <span class='ocrx_word' id='word_1_270' title='bbox 1029 2940 1139 3013; x_wconf 83' lang='lat' dir='ltr'>Pecc.</span> <span class='ocrx_word' id='word_1_271' title='bbox 1162 2929 1338 3010; x_wconf 70' lang='lat' dir='ltr'>Anztnadr·</span> <span class='ocrx_word' id='word_1_272' title='bbox 1417 2941 1418 2960; x_wconf 66' lang='lat'>¹</span> 
     </span>
    </p>
   </div>
   <div class='ocr_carea' id='block_1_16' title="bbox 270 3021 1341 3136">
    <p class='ocr_par' dir='ltr' id='par_1_16' title="bbox 270 3021 1341 3136">
     <span class='ocr_line' id='line_1_29' title="bbox 270 3021 1341 3136; baseline -0.006 -25"><span class='ocrx_word' id='word_1_273' title='bbox 270 3039 320 3132; x_wconf 84' lang='lat' dir='ltr'>J.)</span> <span class='ocrx_word' id='word_1_274' title='bbox 335 3037 425 3110; x_wconf 86' lang='lat' dir='ltr'>dicit</span> <span class='ocrx_word' id='word_1_275' title='bbox 439 3092 447 3121; x_wconf 82' lang='lat'>,</span> <span class='ocrx_word' id='word_1_276' title='bbox 464 3036 614 3108; x_wconf 76' lang='lat' dir='ltr'>minime</span> <span class='ocrx_word' id='word_1_277' title='bbox 628 3037 767 3136; x_wconf 86' lang='lat' dir='ltr'>requiri</span> <span class='ocrx_word' id='word_1_278' title='bbox 785 3036 1046 3111; x_wconf 84' lang='lat' dir='ltr'>advertentiam</span> <span class='ocrx_word' id='word_1_279' title='bbox 1067 3037 1270 3114; x_wconf 78' lang='lat' dir='ltr'>actualem,</span> <span class='ocrx_word' id='word_1_280' title='bbox 1286 3021 1341 3099; x_wconf 77' lang='lat' dir='ltr'>sed</span> 
     </span>
    </p>
   </div>
   <div class='ocr_carea' id='block_1_17' title="bbox 269 3123 1418 3334">
    <p class='ocr_par' dir='ltr' id='par_1_17' title="bbox 269 3123 1418 3334">
     <span class='ocr_line' id='line_1_30' title="bbox 269 3123 1418 3236; baseline -0.011 -26"><span class='ocrx_word' id='word_1_281' title='bbox 269 3136 448 3223; x_wconf 86' lang='lat' dir='ltr'>aatisesse</span> <span class='ocrx_word' id='word_1_282' title='bbox 474 3135 668 3207; x_wconf 85' lang='lat' dir='ltr'>virtualem</span> <span class='ocrx_word' id='word_1_283' title='bbox 696 3149 734 3206; x_wconf 87' lang='lat' dir='ltr'>et</span> <span class='ocrx_word' id='word_1_284' title='bbox 748 3136 1083 3233; x_wconf 77' lang='lat' dir='ltr'>interpretativum:</span> <span class='ocrx_word' id='word_1_285' title='bbox 1110 3134 1254 3236; x_wconf 79' lang='lat' dir='ltr'>quaein</span> <span class='ocrx_word' id='word_1_286' title='bbox 1279 3125 1341 3199; x_wconf 80' lang='lat' dir='ltr'>hoc</span> <span class='ocrx_word' id='word_1_287' title='bbox 1417 3123 1418 3180; x_wconf 76' lang='lat' dir='ltr'>l</span> 
     </span>
     <span class='ocr_line' id='line_1_31' title="bbox 272 3231 1418 3334; baseline -0.004 -23"><span class='ocrx_word' id='word_1_288' title='bbox 272 3234 462 3322; x_wconf 84' lang='lat' dir='ltr'>consistit,</span> <span class='ocrx_word' id='word_1_289' title='bbox 481 3231 583 3331; x_wconf 89' lang='lat' dir='ltr'>quod</span> <span class='ocrx_word' id='word_1_290' title='bbox 596 3233 707 3305; x_wconf 89' lang='lat' dir='ltr'>homo</span> <span class='ocrx_word' id='word_1_291' title='bbox 724 3247 910 3320; x_wconf 84' lang='lat' dir='ltr'>teneatur,</span> <span class='ocrx_word' id='word_1_292' title='bbox 928 3251 965 3308; x_wconf 91' lang='lat' dir='ltr'>et</span> <span class='ocrx_word' id='word_1_293' title='bbox 977 3235 1092 3334; x_wconf 84' lang='lat' dir='ltr'>possit</span> <span class='ocrx_word' id='word_1_294' title='bbox 1108 3232 1281 3307; x_wconf 86' lang='lat' dir='ltr'>malitiam</span> <span class='ocrx_word' id='word_1_295' title='bbox 1295 3245 1343 3294; x_wconf 75' lang='lat' dir='ltr'>ac·</span> <span class='ocrx_word' id='word_1_296' title='bbox 1417 3249 1418 3306; x_wconf 72' lang='lat' dir='ltr'>t</span> 
     </span>
    </p>
   </div>
   <div class='ocr_carea' id='block_1_18' title="bbox 264 3328 1345 3926">
    <p class='ocr_par' dir='ltr' id='par_1_18' title="bbox 264 3328 1345 3822">
     <span class='ocr_line' id='line_1_32' title="bbox 272 3328 1342 3431; baseline -0.017 -23"><span class='ocrx_word' id='word_1_297' title='bbox 272 3336 382 3408; x_wconf 86' lang='lat' dir='ltr'>tionis</span> <span class='ocrx_word' id='word_1_298' title='bbox 404 3356 647 3430; x_wconf 81' lang='lat' dir='ltr'>cognoscere,</span> <span class='ocrx_word' id='word_1_299' title='bbox 669 3333 833 3431; x_wconf 74' lang='lat' dir='ltr'>qulmvis</span> <span class='ocrx_word' id='word_1_300' title='bbox 850 3333 1041 3421; x_wconf 72' lang='lat' dir='ltr'>actualiter</span> <span class='ocrx_word' id='word_1_301' title='bbox 1067 3357 1144 3406; x_wconf 92' lang='lat' dir='ltr'>non</span> <span class='ocrx_word' id='word_1_302' title='bbox 1169 3328 1342 3405; x_wconf 87' lang='lat' dir='ltr'>advertat;</span> 
     </span>
     <span class='ocr_line' id='line_1_33' title="bbox 274 3418 1341 3527; baseline -0.009 -22"><span class='ocrx_word' id='word_1_303' title='bbox 274 3434 391 3521; x_wconf 78' lang='lat' dir='ltr'>alias(</span> <span class='ocrx_word' id='word_1_304' title='bbox 411 3429 453 3502; x_wconf 78' lang='lat' dir='ltr'>tt</span> <span class='ocrx_word' id='word_1_305' title='bbox 471 3456 490 3502; x_wconf 94' lang='lat' dir='ltr'>a</span> <span class='ocrx_word' id='word_1_306' title='bbox 510 3436 603 3525; x_wconf 87' lang='lat' dir='ltr'>unt)</span> <span class='ocrx_word' id='word_1_307' title='bbox 625 3430 821 3527; x_wconf 85' lang='lat' dir='ltr'>reputandi</span> <span class='ocrx_word' id='word_1_308' title='bbox 850 3448 969 3504; x_wconf 83' lang='lat' dir='ltr'>essent</span> <span class='ocrx_word' id='word_1_309' title='bbox 997 3433 1180 3506; x_wconf 88' lang='lat' dir='ltr'>immunes</span> <span class='ocrx_word' id='word_1_310' title='bbox 1204 3418 1341 3516; x_wconf 65' lang='lat' dir='ltr'>aculpa</span> 
     </span>
     <span class='ocr_line' id='line_1_34' title="bbox 274 3456 1345 3629; baseline -0.001 -25"><span class='ocrx_word' id='word_1_311' title='bbox 274 3557 402 3604; x_wconf 87' lang='lat' dir='ltr'>omnes</span> <span class='ocrx_word' id='word_1_312' title='bbox 431 3456 574 3602; x_wconf 86' lang='lat' dir='ltr'>scelesti</span> <span class='ocrx_word' id='word_1_313' title='bbox 612 3527 805 3616; x_wconf 85' lang='lat' dir='ltr'>homines,</span> <span class='ocrx_word' id='word_1_314' title='bbox 833 3531 897 3628; x_wconf 87' lang='lat' dir='ltr'>qni</span> <span class='ocrx_word' id='word_1_315' title='bbox 927 3531 1002 3604; x_wconf 85' lang='lat' dir='ltr'>auis</span> <span class='ocrx_word' id='word_1_316' title='bbox 1023 3526 1272 3629; x_wconf 69' lang='lat' dir='ltr'>passionibus,</span> <span class='ocrx_word' id='word_1_317' title='bbox 1290 3522 1345 3586; x_wconf 66' lang='lat' dir='ltr'>⁰¹st</span> 
     </span>
     <span class='ocr_line' id='line_1_35' title="bbox 264 3624 1340 3732; baseline -0.007 -29"><span class='ocrx_word' id='word_1_318' title='bbox 264 3634 393 3730; x_wconf 75' lang='lat' dir='ltr'>¹pravis</span> <span class='ocrx_word' id='word_1_319' title='bbox 410 3625 739 3700; x_wconf 79' lang='lat' dir='ltr'>consuetudinibus</span> <span class='ocrx_word' id='word_1_320' title='bbox 756 3625 929 3702; x_wconf 80' lang='lat' dir='ltr'>ohcaecati</span> <span class='ocrx_word' id='word_1_321' title='bbox 945 3629 1055 3732; x_wconf 87' lang='lat' dir='ltr'>plura</span> <span class='ocrx_word' id='word_1_322' title='bbox 1072 3628 1169 3702; x_wconf 89' lang='lat' dir='ltr'>mala</span> <span class='ocrx_word' id='word_1_323' title='bbox 1182 3624 1340 3728; x_wconf 65' lang='lat' dir='ltr'>patrant,</span> 
     </span>
     <span class='ocr_line' id='line_1_36' title="bbox 276 3725 1340 3822; baseline -0.01 -20"><span class='ocrx_word' id='word_1_324' title='bbox 276 3729 324 3802; x_wconf 85' lang='lat' dir='ltr'>ad</span> <span class='ocrx_word' id='word_1_325' title='bbox 337 3726 430 3799; x_wconf 80' lang='lat' dir='ltr'>nihil</span> <span class='ocrx_word' id='word_1_326' title='bbox 445 3725 682 3799; x_wconf 83' lang='lat' dir='ltr'>advertentes.</span> <span class='ocrx_word' id='word_1_327' title='bbox 1302 3806 1310 3822; x_wconf 34' lang='grc' dir='ltr'><strong><em>ο</em></strong></span> <span class='ocrx_word' id='word_1_328' title='bbox 1333 3800 1340 3816; x_wconf 38' lang='lat'><strong>¹</strong></span> 
     </span>
    </p>

    <p class='ocr_par' dir='ltr' id='par_1_19' title="bbox 325 3823 1342 3926">
     <span class='ocr_line' id='line_1_37' title="bbox 325 3823 1342 3926; baseline -0.01 -27"><span class='ocrx_word' id='word_1_329' title='bbox 325 3823 589 3899; x_wconf 66' lang='lat' dir='ltr'>secundaverit</span> <span class='ocrx_word' id='word_1_330' title='bbox 603 3824 782 3897; x_wconf 87' lang='lat' dir='ltr'>sententia</span> <span class='ocrx_word' id='word_1_331' title='bbox 795 3826 1028 3900; x_wconf 88' lang='lat' dir='ltr'>communior</span> <span class='ocrx_word' id='word_1_332' title='bbox 1041 3824 1206 3907; x_wconf 86' lang='lat' dir='ltr'>affirmat,</span> <span class='ocrx_word' id='word_1_333' title='bbox 1213 3823 1342 3926; x_wconf 74' lang='lat' dir='ltr'>requrrl</span> 
     </span>
    </p>
   </div>
   <div class='ocr_carea' id='block_1_19' title="bbox 278 3912 1418 4024">
    <p class='ocr_par' dir='ltr' id='par_1_20' title="bbox 278 3912 1418 4024">
     <span class='ocr_line' id='line_1_38' title="bbox 278 3912 1418 4024; baseline -0.013 -24"><span class='ocrx_word' id='word_1_334' title='bbox 278 3925 459 4000; x_wconf 85' lang='lat' dir='ltr'>actualem</span> <span class='ocrx_word' id='word_1_335' title='bbox 478 3922 740 3995; x_wconf 88' lang='lat' dir='ltr'>advertentiam</span> <span class='ocrx_word' id='word_1_336' title='bbox 764 3923 937 4013; x_wconf 76' lang='lat' dir='ltr'>malitiae,</span> <span class='ocrx_word' id='word_1_337' title='bbox 968 3938 1031 3998; x_wconf 89' lang='lat' dir='ltr'>aut</span> <span class='ocrx_word' id='word_1_338' title='bbox 1050 3920 1205 4024; x_wconf 88' lang='lat' dir='ltr'>periculi</span> <span class='ocrx_word' id='word_1_339' title='bbox 1224 3912 1339 3987; x_wconf 69' lang='lat' dir='ltr'>illruas</span> <span class='ocrx_word' id='word_1_340' title='bbox 1417 3955 1418 4010; x_wconf 81' lang='lat'>3</span> 
     </span>
    </p>
   </div>
   <div class='ocr_carea' id='block_1_20' title="bbox 279 4013 1418 4120">
    <p class='ocr_par' dir='ltr' id='par_1_21' title="bbox 279 4013 1418 4120">
     <span class='ocr_line' id='line_1_39' title="bbox 279 4013 1418 4120; baseline -0.016 -24"><span class='ocrx_word' id='word_1_341' title='bbox 279 4038 343 4096; x_wconf 85' lang='lat' dir='ltr'>ant</span> <span class='ocrx_word' id='word_1_342' title='bbox 357 4020 485 4095; x_wconf 72' lang='lat' dir='ltr'>saltem</span> <span class='ocrx_word' id='word_1_343' title='bbox 503 4020 764 4120; x_wconf 89' lang='lat' dir='ltr'>obligationem</span> <span class='ocrx_word' id='word_1_344' title='bbox 774 4020 879 4120; x_wconf 72' lang='lat' dir='ltr'>illam</span> <span class='ocrx_word' id='word_1_345' title='bbox 897 4022 1122 4100; x_wconf 77' lang='lat' dir='ltr'>advertendi,</span> <span class='ocrx_word' id='word_1_346' title='bbox 1135 4016 1283 4095; x_wconf 77' lang='lat' dir='ltr'>Ethauc</span> <span class='ocrx_word' id='word_1_347' title='bbox 1299 4013 1343 4071; x_wconf 69' lang='lat' dir='ltr'>le·</span> <span class='ocrx_word' id='word_1_348' title='bbox 1417 4095 1418 4102; x_wconf 6' lang='grc' dir='ltr'>ἵ</span> 
     </span>
    </p>
   </div>
   <div class='ocr_carea' id='block_1_21' title="bbox 279 4092 1340 4239">
    <p class='ocr_par' dir='ltr' id='par_1_22' title="bbox 279 4092 1340 4239">
     <span class='ocr_line' id='line_1_40' title="bbox 279 4092 1340 4239; baseline -0.021 -43"><span class='ocrx_word' id='word_1_349' title='bbox 279 4136 369 4197; x_wconf 81' lang='lat' dir='ltr'>nent</span> <span class='ocrx_word' id='word_1_350' title='bbox 386 4117 521 4239; x_wconf 63' lang='lat' dir='ltr'>Sylvius</span> <span class='ocrx_word' id='word_1_351' title='bbox 541 4118 695 4208; x_wconf 84' lang='lat' dir='ltr'>Suarez,</span> <span class='ocrx_word' id='word_1_352' title='bbox 728 4119 861 4218; x_wconf 75' lang='lat' dir='ltr'>Tnpirr,</span> <span class='ocrx_word' id='word_1_353' title='bbox 889 4120 1077 4214; x_wconf 76' lang='lat' dir='ltr'>Sancbez,</span> <span class='ocrx_word' id='word_1_354' title='bbox 1099 4092 1340 4219; x_wconf 56' lang='lat' dir='ltr'>Sarrasfflal·</span> 
     </span>
    </p>
   </div>
   <div class='ocr_carea' id='block_1_22' title="bbox 0 0 1473 4675">
    <p class='ocr_par' dir='ltr' id='par_1_23' title="bbox 0 0 1473 4675">
     <span class='ocr_line' id='line_1_41' title="bbox 0 0 1473 4675; baseline 0 0"><span class='ocrx_word' id='word_1_355' title='bbox 0 0 1473 4675; x_wconf 95' lang='lat' dir='ltr'> </span> 
     </span>
    </p>
   </div>
  </div>
 </body>
</html>
