2900 4675
287 228 970 324 cnp.·n.nat.11.nettortscna0nicis.
1130 233 1175 324 s,
1269 311 1274 321 ,

99 336 335 415 intentionem
349 343 513 416 habitam
531 342 748 420 attendendi
761 400 772 432 ‚
785 358 823 419 et
834 371 909 418 non
923 349 1173 435 retractatam,

99 437 178 511 velit
196 441 384 517 attendere
399 466 410 532 3
427 442 498 515 sed
515 468 590 515 non
607 444 743 542 poterit
757 443 847 527 dici,
867 442 967 542 quod
982 445 1175 534 attendat,

98 537 245 637 qnando
259 541 348 613 alibi
362 555 418 613 est
434 539 587 614 omninb
601 555 770 640 evagatus
784 570 793 628 ;
808 540 910 615 sicut
926 543 1026 615 enim
1041 568 1177 642 repug-

97 651 156 708 nat
172 637 260 724 dici,
279 639 481 712 virtualiter
498 639 726 738 intelligere,
749 639 850 742 quod
869 638 975 753 legit,
988 665 1075 713 cum
1087 696 1095 725 ‚
1109 638 1178 811 ipsi
1298 716 1302 722 ,
1335 711 1342 723 ,

100 748 174 808 actu
190 762 267 809 non
279 736 463 837 intelligis
478 734 565 810 licet
583 737 773 828 habuisset
787 741 1120 812 intentionem‘inte
1137 742 1181 813 li·

102 833 200 931 gendi
212 860 222 926 ;
232 835 283 908 ita
297 851 480 935 repugnat
490 833 576 918 dici,
591 862 677 909 enm
689 838 895 911 virtualiter
904 835 1104 927 attendere,
1138 837 1179 911 ni

102 947 172 1005 actu
192 960 274 1007 non
292 937 458 1008 attendit.
478 933 590 1010 Undt
609 932 704 1010 bend
728 934 924 1011 concludit
938 935 1038 1034 Lnga
1055 961 1096 1008 n.
1112 864 1179 1034 (ip.

108 1030 213 1127 quod,
234 1033 267 1103 si
284 1032 333 1105 ad
352 1034 557 1107 orationem
578 1036 831 1148 requireretur
846 1032 999 1107 attentio
1018 1036 1180 1117 interna,

110 1128 213 1228 inqui
226 1145 327 1204 esset
340 1129 586 1205 involuntarie
601 1131 812 1219 distractos,
827 1157 902 1206 non
921 1129 1100 1218 effectivis,
1112 1130 1180 1204 sed

108 1224 240 1302 tantbna
252 1228 418 1304 affective
444 1243 576 1304 oraret.
601 1231 646 1305 In
671 1230 817 1304 tantiam
835 1229 948 1330 igitin·
967 1229 1061 1306 dicit
1075 1227 1181 1303 buno

104 1324 173 1399 rere
201 1352 332 1415 orare,
357 1328 395 1399 in
415 1326 598 1427 quantiam
614 1328 858 1403 intentionem
874 1330 1059 1403 internam
1076 1326 1181 1428 pribs

102 1420 257 1498 babilam
276 1424 405 1500 orandi
421 1426 618 1526 conjungit
630 1431 718 1501 cnm
735 1441 884 1502 externa
901 1428 1115 1500 attentione.

141 1522 244 1598 Ratio
263 1525 286 1597 3
303 1526 389 1626 quia
401 1524 580 1598 Sacerdos
594 1525 786 1600 conferens
799 1527 1013 1600 Extremam
1025 1524 1181 1599 Unctio·
1251 1541 1253 1544 ’

99 1642 176 1693 nem
188 1625 323 1724 (cujus
350 1623 468 1697 forma
487 1637 542 1696 eat
561 1622 845 1725 deprecatoria)
871 1650 957 1698 oum
974 1625 1192 1696 intentione.

99 1715 265 1807 faciendi,
285 1719 390 1823 quod
403 1721 491 1795 facit
505 1722 686 1809 Ecclesia,
697 1723 765 1797 etsi
783 1736 868 1800 actu
885 1705 1046 1795 mentein
1063 1720 1180 1796 diver·

96 1828 156 1907 tat,
174 1819 301 1893 valide
317 1818 460 1894 confert
475 1844 485 1911 ;
502 1845 543 1893 er
565 1817 680 1893 boine
696 1821 897 1895 attentione
915 1822 1062 1894 interna
1081 1817 1180 1898 bont

96 1928 185 1991 stare
259 1933 329 1992 test
357 1918 486 1992 oratio.
503 1848 565 1994 Ad
588 1918 685 1992 banc
712 1917 1181 2015 difficilern'objectionem

96 2011 205 2088 dirers
263 2014 501 2131 respondent
516 2017 695 2091 Fautores
725 2017 1080 2114 primaessententiae.
1104 2015 1181 2089 atii

97 2113 187 2212 apud
209 2114 412 2188 Concanum
424 2114 581 2202 dicunt,
598 2115 702 2215 quod
714 2142 759 2188 eo
776 2141 863 2190 casu
878 2111 1040 2192 invalidb
1053 2113 1181 2188 Sama·

94 2227 262 2300 mentum
281 2212 530 2305 conferretur,
547 2216 633 2315 quis
649 2228 741 2288 tunc
754 2211 931 2287 Sacerdos
950 2213 1094 2300 nnllam
1114 2212 1181 2285 ha·

96 2301 196 2385 beret
211 2312 459 2389 intentionem
476 2369 485 2399 ‚
503 2340 573 2387 neo
595 2316 856 2405 attentionem
873 2310 958 2386 cinn
975 2310 1075 2385 enim
1095 2310 1179 2409 quis

97 2406 166 2482 alib
189 2425 353 2485 mentem
381 2409 554 2485 distrahit
578 2468 588 2501 ‚
612 2420 810 2512 utramque
839 2427 922 2485 autu
942 2424 1085 2484 tractat.
1107 2408 1180 2483 Sed
1239 2478 1241 2487 ,

97 2501 170 2581 laec
184 2509 377 2608 responsio
394 2510 504 2583 nimis
518 2509 825 2600 debiliavidetur‚
837 2509 924 2608 qnia
937 2509 984 2581 ad
1000 2510 1181 2583 rationem

98 2605 339 2682 universalem
368 2608 691 2683 sacramentorum
720 2608 877 2707 exigitur
909 2607 986 2680 sola
1018 2606 1180 2777 prolatio

98 2700 216 2780 brmae
243 2733 355 2806 snper
382 2705 545 2780 debitam
573 2706 764 2780 materiam
788 2711 810 2779 a
830 2706 1001 2780 ministro
1046 2702 1181 2779 abente

99 2817 335 2901 potestatem,
355 2831 442 2877 oum
457 2805 661 2879 intentione
679 2804 859 2889 faciendi,
880 2804 982 2903 qnod
995 2803 1084 2888 lacit
1102 2805 1182 2876 Ec·

100 2899 229 2995 alesia,
256 2907 357 3004 juxta
385 2901 484 2976 illud
502 2902 649 2981 celebre
669 2903 814 2977 dictum
831 2905 876 2977 Ι).
896 2904 1051 3002 August.
1069 2917 1110 2973 tr.
1131 2903 1179 2976 80

98 2994 264 3075 bJoaa.
283 3001 433 3076 Accedit
457 3001 595 3074 verbnm
618 3003 671 3074 ad
692 3002 924 3087 elementum,
943 3000 1039 3092 etfit
1052 2997 1178 3073 Sacra·

99 3116 262 3175 mentum.
279 3101 329 3174 Et
344 3107 459 3198 magia
486 3115 586 3199 patet
603 3125 647 3172 ex
658 3100 778 3174 Cone.
795 3099 945 3177 Floren.
963 3102 1001 3172 in
1019 3099 1178 3175 Decreto

98 3189 197 3270 Fidei
210 3198 354 3297 Eugen.
369 3198 436 3272 lv.
451 3198 485 3296 5.
502 3198 550 3272 V.
569 3197 633 3272 ubi
648 3198 718 3272 fuit
731 3200 914 3271 sancitum
927 3227 936 3267 ε
950 3197 1042 3269 Hoec
1057 3196 1179 3269 omnia

96 3291 318 3371 &momenta
329 3296 438 3369 tn‘bns
449 3296 692 3396 perficiantur,
709 3295 867 3369 radebat
878 3294 982 3368 rebus
998 3296 1179 3407 tomqudm

98 3393 263 3486 masena,
285 3394 395 3468 verbu
417 3396 597 3494 tamqudm
626 3392 775 3484 form,
802 3409 838 3466 et
848 3394 1003 3492 persensi
1022 3390 1183 3465 Mmistri

97 3487 306 3585 confarreatis
317 3491 581 3566 decrementum
599 3518 679 3578 cum
690 3487 1071 3583 tittentrbncfhczendz‚
1086 3488 1184 3586 quod

99 3583 186 3668 tacit
203 3590 376 3664 Ecclesia.
401 3588 536 3681 nnat,
565 3588 652 3669 oiim
679 3589 757 3665 haec
784 3592 906 3663 omnia
927 3600 1179 3674 concurrant,

101 3683 207 3762 debet
235 3689 359 3765 dici«
388 3688 600 3764 Ministrum
634 3688 744 3764 verba
776 3689 902 3762 sormae
927 3684 1180 3802 proferentem

100 3809 183 3860 snm
197 3787 320 3863 debita
347 3788 553 3863 intentione
577 3789 617 3861 in
633 3784 806 3863 Extrema
823 3788 1030 3873 Unctione,
1048 3784 1179 3859 Sacra-

101 3901 262 3962 mentum
298 3888 428 3988 ntique
465 3885 630 3961 validum
666 3886 799 3959 facere.
827 3882 945 3959 Aliter
979 3883 1179 3984 respondet

101 3978 146 4056 P.
164 3984 344 4076 concita,
364 4001 400 4059 et
415 3986 492 4071 ait,
512 3985 616 4085 quod
633 3986 673 4059 in
685 3985 930 4060 sacramentis
947 3984 1045 4059 Deus
1062 3981 1182 4055 elevet

101 4079 205 4161 terta
228 4084 408 4178 stiuam,
423 4109 700 4189 quamcumque
717 4083 784 4161 ills
808 4106 1016 4190 perversam
1045 4078 1180 4210 babeat
