2900 4675
278 252 323 344 76
470 249 544 320 Lib.
561 253 622 322 tv.
638 253 690 322 De
705 251 804 322 Prec.
818 247 1086 347 particularibus,
1102 270 1166 324 etc.

277 392 299 432 a
326 348 603 440 necessitatibus
618 380 787 465 quartam
804 385 945 482 partem
961 367 1145 441 redituum
1160 361 1366 440 Ecclesias-

276 489 299 532 a
328 465 509 549 ticorum‚
528 463 585 538 vel
602 463 699 539 certi
722 463 919 540 dimidium
945 471 1050 564 ejus,
1069 465 1171 566 qnod
1192 487 1365 561 congrnae

277 588 298 627 u
327 561 583 635 sustentationi
595 576 774 663 superest.
787 563 833 635 V.
852 561 892 636 C.
910 564 1007 662 Lago
1023 565 1049 636 Ι.
1062 592 1095 638 c.
1112 564 1175 635 ubi
1191 562 1362 661 plurimis

276 683 298 726 r
329 685 396 755 pro
419 684 458 731 se
478 660 597 733 citatis
614 665 717 734 Auct.
738 661 921 752 ostendit,
946 663 1022 737 Tol.
1047 664 1139 738 Mol.
1155 667 1202 734 'et
1217 658 1361 736 Bonae·

275 784 297 825 u
324 754 423 830 mali
448 758 552 832 citari
574 784 642 859 pro
667 762 851 834 contraria
871 763 1077 852 sententia,
1100 757 1176 833 imi)
1205 759 1363 857 ipsemet

274 881 294 921 s
325 855 433 952 Hurt.
456 872 494 927 et
515 853 627 933 Dtirn.
647 857 688 932 in
705 883 748 932 ea
769 885 845 932 non
894 860 1085 949 erstitisse,
1113 873 1225 958 atque
1252 854 1362 928 nulla

274 978 297 1022 u
327 951 387 1028 vel
397 957 623 1044 anctoritate,
636 956 693 1029 vel
704 959 847 1031 ratione
859 885 982 1032 ilrlciri
997 986 1008 1033 z
1022 985 1065 1033 ac
1077 957 1240 1057 denique
1253 977 1362 1026 suam

272 1076 298 1121 n
325 1051 453 1125 multis
473 1052 620 1153 probat,
639 1057 839 1154 praesertim
856 1082 900 1130 ex
922 1056 1078 1128 Tnilenn
1101 1079 1195 1127 sess.
1222 1078 1262 1128 21
1284 1049 1360 1127 αὗ

274 1175 297 1220 ο
325 1150 371 1222 de
381 1145 448 1242 ref
454 1153 700 1254 ostenditque,
710 1157 818 1228 istam
832 1154 1093 1254 obligationem
1108 1154 1209 1226 nasci
1222 1175 1266 1221 ex
1276 1154 1361 1249 jare

270 1274 295 1313 ο
326 1272 402 1320 non
428 1248 572 1323 tantiam
597 1251 785 1343 humano,
807 1252 874 1327 sed
896 1254 1006 1328 etiim
1035 1252 1159 1326 divino
1185 1246 1358 1324 naturali.

270 1372 296 1414 n
323 1342 421 1418 Vide
436 1352 546 1422 etitm
560 1349 697 1423 Bonus.
711 1353 736 1425 l.
750 1378 783 1426 c.
792 1380 833 1449 p.
848 1376 884 1423 α.
896 1351 916 1389 ’
929 1357 944 1442 (
959 1351 1047 1426 Vide
1059 1353 1083 1425 l.
1100 1352 1175 1426 sn.
1189 1352 1254 1445 49·
1270 1370 1359 1417 vers.

274 1467 297 1517 a
325 1442 394 1518 IV.
412 1444 577 1538 Maior.)
601 1446 620 1483 “
646 1448 762 1522 Porro
789 1475 959 1548 congrua¹
980 1449 1197 1523 sustentatio
1223 1443 1361 1518 Clerici

273 1570 294 1609 u
325 1557 517 1634 muretus,
535 1569 619 1647 quoe
638 1548 841 1621 necessaria
864 1545 986 1622 estad
1005 1545 1136 1628 statiis,
1154 1561 1192 1623 et
1207 1542 1358 1616 familiar

273 1645 653 1733 »sustentationem
686 1645 895 1720 secundirm
930 1644 1182 1720 conditionem
1215 1639 1355 1725 statiis,

273 1767 296 1810 s
323 1738 482 1835 gradis,
501 1740 712 1842 dignitatis,
738 1744 925 1845 qualitatis
949 1758 988 1817 et
1014 1744 1195 1843 regionis,
1221 1741 1262 1812 in
1309 1763 1352 1809 ua

274 1865 296 1908 a
324 1836 478 1915 habitat.
495 1840 629 1915 Burni.
645 1866 675 1914 c.
692 1843 784 1915 Mol.
799 1843 925 1944 Iaym.
944 1841 986 1918 C.
1003 1842 1119 1940 Lago,
1131 1856 1195 1913 etc.
1212 1839 1263 1937 '(
1299 1835 1354 1909 ide

274 1963 296 2008 ι
323 1935 439 2010 l.3n.
455 1941 523 2038 491
548 1964 580 2014 s.
602 1939 775 2042 Q.11.)·
1053 1975 1058 1988 r

556 2135 657 2210 Unde
668 2083 940 2211 resolvunmrti
956 2136 1086 2213 casus.

219 2346 269 2404 tn
324 2359 344 2398 a
378 2356 412 2405 r.
435 2328 608 2431 congrua
626 2333 843 2504 spatentatio
859 2359 935 2406 non
950 2347 1005 2407 est
1022 2329 1175 2432 equalis
1189 2342 1363 2419 respecta

275 2458 296 2499 a
324 2430 638 2532 omninmtqniap
658 2459 698 2505 us
711 2430 866 2533 requirit
878 2432 1224 2532 Episcopus,quim
1239 2431 1364 2503 Deca-

271 2552 294 2596 ο
322 2529 717 2630 nus3Decanna‚quim
731 2528 1365 2618 Canonicns;CanonicusinEccls·

273 2656 294 2692 ι
325 2625 1363 2728 siaprincipali‚qutharoclrus;debilis,ettener‚qutm

273 2753 294 2792 ι
323 2724 509 2813 robustus,
520 2726 688 2801 etvalens
701 2756 710 2797 ε
723 2742 761 2801 et
773 2724 1065 2826 qnodsnllicitin
1080 2752 1156 2800 uno
1170 2723 1267 2810 loco,
1282 2750 1363 2798 non

273 2852 294 2890 ι
323 2824 459 2899 sufficit
477 2827 515 2898 in
539 2823 628 2899 alio.
639 2827 874 2925 Quapropter
888 2823 1028 2899 attendi
1060 2825 1171 2899 debet
1185 2822 1234 2897 ad
1249 2848 1363 2897 usum

272 2950 293 2991 ι
325 2920 483 2997 aliorum
497 2925 673 2998 timoratae
688 2924 923 2998 conscientiae
938 2925 978 2996 in
991 2922 1122 2997 eodem
1133 2921 1272 3021 gradu,
1287 2932 1363 3001 ate.

276 3044 298 3091 u
330 3019 408 3096 Nec
433 3021 565 3110 obstat,
584 3023 685 3122 qnod
698 3022 959 3096 Beneficiarius
976 3026 1165 3097 emerserit
1175 3046 1220 3094 ex
1235 3020 1364 3094 humi·

272 3148 296 3191 a
325 3117 352 3192 li
367 3174 378 3203 ‚
393 3120 591 3219 quominus
608 3125 723 3222 possit
741 3122 853 3196 statui
871 3147 939 3195 suo
954 3125 1215 3196 convenientes
1228 3145 1315 3193 snm

275 3244 296 3287 a
324 3231 384 3293 tus
405 3218 543 3309 iacere,
564 3218 606 3291 iat
627 3245 671 3293 ex
692 3220 785 3293 Mol.
811 3218 922 3293 docet
948 3214 1052 3294 Card.
1080 3219 1180 3319 lugo
1202 3218 1228 3294 l.
1247 3244 1280 3294 c.
1314 3148 1364 3292 ξ’-

267 3343 293 3387 o
324 3315 444 3390 Banu.
461 3320 531 3394 Lc.
550 3342 587 3390 n.
605 3321 640 3393 8.

321 3444 341 3481 s
370 3440 407 3490 2.
432 3416 591 3491 Nomine
607 3440 781 3514 congruae
799 3416 1073 3491 sustentationis
1084 3416 1196 3490 etiim
1213 3413 1361 3489 intelli·

271 3538 295 3584 u
323 3513 420 3614 gitur
440 3511 565 3588 debita
585 3514 834 3617 hospitalitas,
849 3540 930 3589 non
951 3515 1095 3589 tantirm
1113 3515 1152 3588 in
1200 3536 1360 3629 superes

271 3640 292 3681 a
322 3614 532 3783 pqugrinos
548 3614 638 3713 (qni
664 3613 822 3690 maximi
840 3613 1148 3692 commendantur
1195 3613 1363 3687 lerrcisit

272 3739 296 3782 ιι
380 3711 388 3729 ’
410 3713 462 3810 .),
483 3711 673 3786 sedetiam
688 3712 864 3788 urbanos.
886 3712 991 3787 card.
1007 3713 1105 3812 Lago
1120 3737 1157 3784 n.
1171 3710 1234 3787 66.

321 3838 341 3875 s
371 3810 406 3886 3.
432 3810 583 3897 Debita.
631 3835 687 3884 uoe
702 3811 869 3887 Clericus
884 3811 1066 3886 contraxit
1087 3835 1155 3910 pro
1179 3835 1244 3885 sna
1272 3834 1361 3883 sus-

272 3934 293 3978 s
323 3912 549 3993 tentatione,
572 3838 695 3983 seloh
718 3913 818 4026 piam
835 3936 1002 3996 causam,
1022 3923 1143 4011 potest
1156 3909 1297 3984 solvero
1313 3931 1360 3981 ex

272 4037 293 4075 ι
323 4004 500 4082 reditibus
519 4006 787 4083 Ecclesiastrcis
805 4037 814 4083 ε
830 4035 907 4084 non
928 4011 1036 4098 item,
1066 4035 1149 4111 qnae
1171 4007 1358 4082 contraxit

271 4135 295 4182 a
322 4103 408 4280 ant}
434 4104 659 4185 tenemium
689 4106 909 4202 obtentum,
938 4109 1011 4186 nisi
1040 4108 1090 4187 sit
1113 4132 1285 4212 pauper,
1307 4101 1356 4180 ib.

270 4234 295 4282 a
320 4229 360 4278 n.
404 4229 439 4305 7.
