2900 4675
329 271 412 367 Cap.
427 274 486 349 111.
495 271 584 341 nub.
594 273 622 340 1.
636 273 689 339 De
696 271 837 339 Peccatie
852 266 1064 363 capitalibus.
1179 256 1253 339 265³

160 383 388 457 cumstantiae
415 382 664 467 necessitatis,
681 386 794 483 quim
809 382 950 458 ratione
964 381 1075 458 aimirl
1097 382 1245 459 medio·

158 505 242 551 rum
262 483 571 578 praecaventium,
622 507 677 556 uae
693 506 850 582 persona
870 484 1045 581 proponit
1060 485 1075 576 (
1083 480 1124 556 iat
1136 499 1245 557 tene·

153 578 240 677 tur)
266 579 466 672 adhihere,
491 508 626 681 nempi
645 579 840 678 diligenter
860 579 1056 655 avertendo
1073 582 1244 655 animum

152 678 179 747 d
197 674 442 771 delectatione
461 680 562 779 turpi
579 734 588 765 ,
605 678 663 751 vei
683 678 730 752 ah
745 678 814 751 aiia
828 681 997 781 pensione
1016 707 1026 749 ε
1043 693 1080 751 et
1093 680 1174 753 insu
1205 704 1247 754 er

149 799 201 847 oe
216 777 420 852 muniendo
434 779 505 879 piis
520 777 804 875 cogitationibus
819 832 831 865 ‚
853 776 1081 851 orationibus
1097 833 1107 864 .
1121 708 1203 853 aci
1223 817 1247 835 -

155 889 431 949 crementorum
458 877 677 977 frequentia.
703 878 797 975 Quae
823 876 972 976 utique
983 875 1130 967 media,
1159 875 1248 953 licet

155 998 236 1047 non
262 973 445 1049 sufficiant
471 973 518 1048 ad
543 974 820 1064 excusandum,
849 973 915 1048 uhi
931 1001 1008 1051 non
1031 973 1135 1062 adest
1148 977 1246 1090 jueta

156 1094 271 1146 cansa
285 1127 295 1161 ,
310 1072 355 1146 cd
371 1072 473 1175 quod
493 1076 593 1149 Deus
611 1099 686 1146 nou
702 1072 851 1173 adjurat
865 1075 1002 1150 temeri
1024 1100 1062 1146 se
1078 1072 1250 1175 periculo
1372 1148 1373 1151 ,

156 1187 384 1269 exponentes
399 1198 410 1263 ;
430 1171 535 1248 'bene
550 1185 674 1247 nmen
694 1198 805 1273 opem
821 1199 924 1246 suam
941 1185 1087 1273 praestat
1103 1174 1157 1261 ei,
1179 1173 1247 1272 qui

157 1293 205 1341 ex
228 1273 323 1369 justa
344 1297 451 1345 causa
475 1273 707 1345 occasionem
731 1292 814 1347 non·
839 1269 996 1361 decerit,
1024 1270 1116 1344 dum
1141 1270 1173 1344 ia
1203 1296 1246 1345 co

157 1393 248 1440 casu
262 1394 339 1441 non
354 1396 398 1443 ex
414 1369 548 1444 affectu
565 1369 611 1442 ad
627 1385 843 1471 peccatum,
860 1368 928 1443 aed
942 1396 985 1444 ex
1005 1368 1167 1470 quadam
1182 1396 1248 1444 ne·

157 1466 328 1542 cessitate
342 1466 381 1543 in
395 1467 458 1541 itta
470 1469 662 1543 occasione
675 1481 879 1566 permanet.
892 1468 1005 1565 Seciae
1021 1466 1106 1542 vead
1122 1466 1249 1542 dicen·

156 1562 252 1636 dum
280 1564 326 1640 de
355 1564 424 1641 sim
455 1565 588 1641 iicibos
615 1566 856 1643 Conieacariio
889 1570 955 1668 qui
985 1565 1125 1666 pluries
1154 1566 1248 1667 ltpai

154 1661 299 1737 fuerint
313 1665 351 1738 in
367 1595 560 1740 audiendis
573 1662 896 1756 confessionibus,
917 1666 1003 1767 quia
1017 1664 1059 1739 hi
1073 1679 1251 1740 tenentur

156 1763 181 1834 ὲ
200 1761 265 1837 tati
285 1765 456 1838 exercitio
483 1764 666 1839 abstinere
681 1820 692 1851 ,
710 1767 742 1838 ai
759 1766 903 1867 possint
916 1766 997 1838 rino
1018 1766 1115 1861 gravi
1133 1762 1249 1837 detri-

156 1876 287 1934 mcnto
308 1861 434 1950 famae,
454 1863 512 1936 vel
532 1862 772 1951 facultatum,
803 1866 904 1959 juxti
925 1862 1023 1935 dicta
1040 1863 1065 1935 l.
1086 1861 1158 1936 3η.
1176 1862 1250 1956 438

159 1975 241 2031 ειη.
252 1960 323 2055 483
338 1989 368 2034 ν.
381 1960 482 2133 (quid.
492 1960 592 2055 Quid
602 1960 698 2049 vead,
708 1963 739 2035 si
749 1959 930 2061 aliquiain
941 1961 986 2036 iia
994 1960 1250 2035 occasionibus

157 2083 237 2130 aem
267 2084 334 2144 er,
360 2084 403 2134 ve
451 2058 528 2134 feri
556 2085 702 2211 semper
724 2050 851 2161 lapsus
867 2058 998 2148 fuerit,
1016 2072 1054 2135 et
1071 2085 1156 2156 opes
1171 2084 1250 2133 non

158 2085 333 2255 effusscat
355 2158 645 2249 emendationis,
677 2157 775 2232 Vide
795 2157 893 2231 dicta
925 2160 996 2233 eod
1015 2158 1156 2253 ccciiii.
1184 2155 1251 2232 ubi

161 2254 339 2342 diximus,
357 2255 460 2331 hunc
479 2256 597 2333 tendri
616 2284 703 2333 cum
721 2282 959 2359 quacumque
983 2262 1123 2357 juetam
1138 2281 1251 2333 occa·

160 2355 304 2429 sionem
330 2355 529 2442 deserere,
560 2371 597 2432 et
627 2359 789 2432 unimam
815 2383 920 2431 auam
946 2355 1086 2433 salvum
1117 2356 1252 2433 faceret

161 2452 260 2527 Vide
279 2453 388 2528 etidm
408 2454 565 2531 dicenda
584 2453 608 2531 l.
628 2458 655 2531 6
672 2482 711 2527 n.
731 2455 818 2550 453.

208 2551 345 2626 Utrir'm
359 2570 481 2630 autem
496 2555 544 2628 ait
560 2555 597 2628 in
615 2570 709 2628 statu
755 2554 869 2630 cecati
883 2551 1048 2634 mortalia
1062 2611 1072 2643 ,
1086 2551 1151 2655 qui
1166 2579 1250 2652 pro·
1273 2589 1308 2658 tt

141 2647 324 2762 positum
354 2651 468 2727 habet
494 2581 752 2728 committendi
782 2651 907 2726 omnia
935 2651 1126 2726 venialia?
1159 2651 1251 2728 Vide

157 2748 669 2851 coerrantium.

493 2965 769 3052 CAPUT
812 2961 954 3054 tlt..

360 3206 405 3255 DE
429 3204 593 3255 utcctrts
619 3203 838 3254 ctat‘rtmnns
862 3205 899 3252 ΙΝ
924 3203 1055 3254 SPBCOE·

584 3377 777 3455 DUBIUM
802 3377 835 3453 Ι.

258 3572 386 3691 ‘Quid
400 3577 451 3684 sit
465 3574 692 3692 Superbia,
714 3597 757 3660 et
773 3577 893 3696 quale
908 3594 1142 3691 peccatum.

164 3873 186 3913 o
211 3789 347 3921 Rasa.
379 3871 409 3917 ι.
427 3844 608 3942 Superbia
634 3860 688 3936 est
713 3871 731 3917 a
762 3845 898 3946 petitus
916 3842 1149 3918 inordinatus
1165 3865 1252 3959 pro·
1272 3855 1308 3911 tt

158 3974 178 4011 ο
213 3943 300 4041 priae
332 3942 557 4020 excellentiae
581 3971 590 4030 ς
620 3870 787 4019 mortuiis
812 3945 851 4017 in
882 3969 1014 4039 genere
1038 3968 1127 4029 auo,
1149 3966 1180 4014 st
1205 3942 1254 4018 ait

154 4073 178 4108 ο
209 4057 466 4118 consummata
483 4102 489 4120 .
508 4059 545 4116 et
562 4043 743 4144 perfecta,
758 4044 852 4139 idest
868 4044 897 4116 ai
915 4045 998 4142 quia
1009 4045 1060 4115 tet
1073 4036 1230 4116 eucetter

159 4169 182 4216 a>
211 4155 383 4247 appetat²
407 4157 449 4219 ut
464 4143 564 4237 Deo,
581 4143 860 4249 superioribus!
886 4164 1091 4254 corumque
1107 4061 1259 4241 tegtnd

778 4293 782 4332 Ι
