2900 4675
292 303 295 310 .
384 244 992 340 Cap4110Dub.l.DeCootirmatione
1077 311 1084 320 ,
1150 242 1213 332 475

139 368 210 432 tem
231 356 430 430 concedere
444 358 601 460 simplici
618 356 803 432 Sacerdoti
821 353 1062 430 confirmandi
1078 412 1086 440 ,
1107 351 1217 450 proiit

140 452 343 529 ridebimus
366 458 402 528 in
426 459 472 530 I).
496 484 567 555 seq.
588 483 624 528 n.
649 482 726 555 ¹7⁰·
749 456 801 530 sic
821 460 929 529 etiam
946 455 1082 564 poterit
1102 451 1217 523 hene

140 549 339 628 dictionem
366 555 579 630 Clarismatis
600 558 632 628 ci
663 556 903 628 committere.
925 553 1002 625 nee
1030 550 1147 623 ullum
1174 575 1218 623 cx

139 647 257 722 allatis
280 652 509 726 documentis
537 656 624 728 satis
651 653 804 741 evincit,
862 650 932 725 uod
950 649 1114 723 Cluisma
1141 674 1216 720 uon

139 746 258 820 solirm
279 751 322 823 de
342 756 551 828 necessitate
571 752 742 853 praecepti
762 808 770 834 ,
788 679 976 824 sedetiam
996 750 1216 819 Sacramenti

139 843 271 921 debeat
290 849 493 925 necessario
508 878 584 925 esse
601 852 647 923 ab
666 852 853 952 Episcopo
869 847 1116 922 benedictum.
1136 846 1218 920 Dixi

140 947 349 1034 speculative
365 951 555 1047 loquendo,
574 976 658 1024 narn
676 950 714 1021 in
733 949 854 1044 praxi,
872 973 957 1021 curn
978 973 1032 1017 res
1051 945 1099 1016 sit
1111 942 1218 1016 valde

141 1041 272 1133 dubia,
289 1049 405 1146 prima
418 1050 595 1121 sententia
617 1046 658 1119 ist
677 1047 788 1119 tutior
805 1043 958 1119 omniuo
976 1057 1030 1138 cst
1048 1040 1221 1117 tenendas

194 1172 213 1207 u
239 1144 272 1216 3.
299 1143 455 1219 Perinde
477 1163 531 1219 est
549 1145 593 1217 ad
614 1144 858 1218 substantiam
879 1143 1120 1225 sacramenti,
1144 1140 1220 1213 sive

135 1267 155 1304 s
188 1238 355 1314 Chrisma
375 1245 424 1316 sit
439 1269 600 1329 novum,
620 1240 693 1316 sive
712 1258 836 1327 vetus,
857 1242 945 1315 lreet
960 1244 1114 1338 graviter
1133 1264 1220 1338 pec·

102 1389 107 1396 -
139 1366 160 1407 u
189 1352 269 1423 cet,
291 1342 354 1439 qui
374 1343 487 1415 utitur
503 1346 595 1427 alio,
613 1345 725 1442 quam
745 1365 859 1424 novo.
885 1338 923 1413 id
944 1352 1022 1427 est,
1039 1338 1104 1410 illo
1123 1362 1218 1409 anno

139 1465 160 1504 u
189 1454 399 1512 consecrato
416 1470 424 1510 :
443 1442 481 1514 in
500 1468 610 1542 quem
631 1442 741 1512 finem
762 1437 956 1539 quotannis
975 1441 1013 1510 in
1028 1437 1085 1523 die
1098 1439 1219 1511 Coenae
1327 1510 1331 1522 ,

138 1564 158 1602 u
187 1552 442 1626 consecratur,
459 1541 566 1611 reteri
585 1535 789 1612 combusto.
816 1538 965 1625 ⁸(Idem
992 1536 1223 1618 communiter

143 1629 300 1704 »Solo
329 1663 409 1730 cup.
439 1664 459 1709 2
487 1664 523 1711 a.
554 1664 594 1711 αι
625 1661 674 1709 ex
704 1664 782 1735 cop.
806 1635 962 1734 Siquis,
990 1636 1033 1704 de
1055 1637 1217 1705 Conserr.

139 1759 160 1799 u
188 1727 268 1803 dtst.
286 1734 381 1827 4.)’.

186 1858 206 1898 o
237 1829 344 1929 Resp.
364 1834 399 1907 3.
420 1834 570 1908 Materia
590 1835 753 1948 proxima
781 1845 837 1904 est
864 1831 988 1903 utactio
1012 1830 1048 1900 iu
1074 1829 1193 1903 fronte
1208 1885 1217 1914 ,
1231 1856 1277 1927 ‚sq

138 1957 156 1993 ι
190 1952 254 2025 per
269 1931 728 2046 manumEpiscopr(undi
742 1937 849 2003 etism
863 1930 931 2000 hoc
945 1931 1221 2016 Sacramentum

138 2056 160 2098 u
188 2051 318 2102 manus
335 2032 520 2130 impositio
536 2032 702 2106 dreiturir
718 2031 753 2101 S.
767 2031 865 2101 Luca
878 2030 1000 2099 Actor.
1021 2028 1076 2120 84)
1091 2026 1128 2096 in
1144 2025 1221 2096 lor·

140 2155 162 2193 u
191 2149 289 2199 mam
307 2128 434 2201 Crucis
451 2127 553 2201 lacta.
573 2132 662 2221 Quas
679 2129 802 2199 omnia
829 2142 915 2197 sunt
933 2126 979 2197 dc
998 2124 1221 2210 ,necessitate

139 2252 159 2296 a
189 2224 431 2312 Sacramenti,
451 2242 489 2299 ut
506 2226 615 2299 habet
633 2224 852 2299 communis.
881 2255 900 2291 n

189 2322 260 2396 Hic
289 2315 470 2418 agendum
504 2315 552 2399 de
579 2323 642 2400 itta
673 2324 829 2421 inagna,
855 2348 896 2395 ac
923 2320 1221 2421 titudis'ceptata

140 2422 360 2520 quaestione,
382 2450 447 2523 pro
475 2451 545 2545 qua
571 2427 749 2497 ductores
777 2422 900 2515 plures
928 2419 1040 2493 libros
1060 2422 1220 2517 integros

140 2518 355 2603 ediderunt,
374 2549 506 2615 nempe
524 2548 693 2623 quaeuam
712 2523 759 2593 sit
778 2520 926 2601 Materia
947 2519 1159 2619 adaquata,
1185 2533 1222 2590 et

140 2641 310 2716 quoeuanr
325 2622 454 2694 Forma
465 2620 984 2709 sacramentiCoulirmatiouis
996 2621 1011 2687 ?
1025 2618 1120 2690 Huic
1137 2612 1220 2688 ideo

142 2717 332 2814 aliquanto
382 2719 519 2791 diutins
565 2721 751 2791 immorari
794 2731 947 2817 oportet.
971 2704 1085 2787 ‘otim
1125 2714 1221 2787 hanc

143 2813 1221 2912 quaestioneminanteeedentibuseditioniboslrujosOperis

143 2916 216 3006 jam
237 2915 473 3012 pertractari,
490 2914 556 2988 scd
570 2942 689 3015 nuper
706 2914 802 2985 votui
817 2939 897 2985 eam
917 2911 1040 2984 rursirs
1055 2910 1101 2983 ad
1118 2912 1223 2984 truti-

142 3034 227 3081 nam
250 3039 439 3102 rerocare,
458 3030 493 3085 et
509 3013 648 3103 fateor,
674 3012 794 3113 quod,
820 3037 904 3083 cum
928 3036 992 3110 per
1009 3009 1224 3110 quindecim

144 3106 218 3181 iere
242 3111 318 3183 dies
339 3109 573 3184 desudassern
599 3110 819 3213 perlegendo
839 3110 1031 3193 Canorres,
1050 3122 1086 3191 et
1101 3110 1222 3208 scrip-

142 3220 261 3293 tores,
290 3212 478 3307 nequirem
515 3210 695 3310 judieium
720 3209 830 3293 serre,
850 3206 1028 3307 quidpro
1049 3223 1148 3280 certo
1167 3221 1224 3279 te·

142 3307 321 3380 nendum.
339 3307 507 3411 Denique
519 3311 570 3383 ris
583 3310 782 3391 rationum,
801 3333 892 3406 quas
909 3311 944 3378 in
961 3306 1035 3378 line
1050 3306 1227 3404 quaestio-

142 3404 201 3475 nis
231 3406 448 3494 adducam,
476 3434 623 3481 omnem
651 3411 671 3479 a
697 3420 820 3480 mente
837 3430 923 3501 'mea
956 3402 1224 3476 dubitationem

143 3504 316 3585 sustulit,
333 3521 442 3604 atque
458 3506 503 3579 de
517 3533 597 3579 mea
613 3508 789 3583 sententia
808 3519 946 3589 eertum
974 3501 1154 3601 judicium
1168 3500 1226 3574 el-

144 3597 306 3674 lormavi.
326 3604 453 3677 Plures
474 3605 609 3678 adsunt
625 3604 670 3677 de
685 3602 753 3676 liae
780 3629 818 3675 rc
837 3604 1048 3689 sententiae,
1067 3599 1130 3675 sed
1153 3615 1224 3677 tres

141 3700 420 3797 principaliores
437 3719 533 3778 sunt.
554 3704 674 3776 Prima
695 3701 873 3776 sententia
893 3712 987 3772 tenet
1005 3756 1013 3788 ,
1034 3699 1224 3773 Materiam

147 3797 375 3871 essentialem
397 3802 505 3900 liujus
526 3803 743 3874 sacramenti
767 3826 843 3877 esse
875 3807 1049 3891 manuum
1067 3797 1226 3893 imposi-

144 3898 280 3969 tionem
301 3896 402 3969 illam
423 3956 432 3980 ,
460 3924 541 4000 quoe
563 3899 718 3974 habetur
734 3902 771 3972 in
786 3896 1171 3983 Pontifiealidlomano
1187 3897 1224 3968 iu

141 3996 329 4094 Principio
361 3997 479 4089 toras,
505 3997 566 4071 obi
585 4000 791 4099 Episcopus
821 4000 1015 4094 numquam
1034 3994 1081 4068 ad
1103 3993 1225 4067 eluis-

136 4095 247 4197 ‘matis
263 4098 474 4177 arretionem
489 4096 658 4186 accedat,
674 4095 837 4195 extendit
851 4121 1114 4175 mauusrersus
1126 4094 1224 4167 Con·
