2900 4675
238 281 320 375 Cap.
337 282 395 349 ΠΙ.
412 280 501 351 Dub.
517 282 562 352 V.
579 282 629 350 De
646 280 739 352 sata
755 295 787 349 et
808 279 923 349 Officio
939 280 1088 352 Secular.
1144 282 1205 376 ¹45,

107 391 182 486 isti,
202 393 286 470 vere
309 400 506 467 censentur
530 393 575 469 de
599 393 730 468 haeresi
753 395 938 491 suspecti,
962 394 1032 466 nisi
1057 395 1206 467 omissio

109 490 177 563 fiat
194 518 239 565 ex
259 519 366 578 causa
383 492 573 579 amicitiae,
594 492 943 588 consanguinitatis,
958 508 1028 566 etc.
1052 496 1106 567 lta
1124 493 1206 570 Po·

5 615 15 636 ·'
105 594 204 660 testd
216 617 295 664 cum
306 591 609 678 commum‘.¹Alios
626 587 710 664 vero
727 616 802 660 non
818 587 1105 684 denunciantes,
1119 591 1208 664 licet

107 688 225 760 etiam
255 689 325 786 ipsi
344 683 434 761 'fiant
462 688 509 762 de
538 690 666 761 liaeresi
694 689 882 787 suspecti,
911 691 940 760 si
967 689 1112 765 nullam
1135 694 1208 766 ha·

107 783 228 859 beant
261 813 409 860 causam
439 787 684 872 occultandi,
719 784 761 858 ut
789 786 919 858 dicunt
945 786 1057 864 Salm.
1087 793 1131 863 de
1174 819 1207 884 r,

108 884 329 980 Praecepto.
347 887 386 959 3.
399 911 438 958 n.
459 914 470 958 1
484 885 536 958 ι6.
556 896 682 960 tenent
699 897 820 957 tamen
835 884 954 979 Lupus
970 940 980 971 ,
997 902 1034 957 et
1046 888 1208 965 Bardon.

109 984 212 1078 opud
227 983 393 1070 Potestd,
418 1009 504 1088 non¹
517 1010 594 1058 esse
613 980 915 1078 denunciandos,
936 984 1106 1060 nodetur
1123 1009 1209 1089 pro·-

113 1106 239 1155 cessus
257 1081 295 1152 in
315 1081 515 1155 infinitum.

159 1178 376 1252 Notandum
403 1195 524 1253 autem
551 1206 662 1280 super
688 1180 758 1253 hac
783 1179 935 1253 materia
958 1180 1210 1257 I.·Neminem

116 1277 232 1354 ῑειιόιί
261 1277 485 1352 denunciare
506 1279 668 1378 seipsum
684 1334 694 1366 ,
712 1304 781 1351 nec
804 1280 923 1371 socios
942 1280 998 1350 sui
1017 1283 1211 1375 criminis,

112 1375 203 1449 ciam
225 1374 296 1450 hoc
315 1392 410 1450 essct
425 1377 523 1450 idem
540 1404 582 1449 ac
599 1378 761 1476 seipsum
786 1375 1024 1460 denunciare.
1042 1379 1211 1470 Verirm,

112 1476 143 1547 si
160 1475 245 1574 quis
264 1473 311 1547 de
327 1475 480 1549 crimine
493 1474 653 1574 legitimis
670 1476 833 1550 lludice
847 1477 1101 1575 interrogetur,
1117 1493 1212 1554 tene·

113 1587 200 1659 tur,
236 1576 311 1647 tam
341 1600 379 1647 se
395 1629 405 1659 ,
422 1579 533 1674 quam
565 1577 683 1649 socios
716 1575 969 1668 manifestare;
989 1600 1026 1649 n.
1048 1579 1114 1671 104
1132 1604 1211 1651 cum

112 1669 230 1768 Capiet.
247 1671 349 1743 Sunt.
371 1672 475 1746 Trall.
494 1688 559 1747 etc.

164 1769 379 1842 Notandum
412 1768 459 1844 Π.
491 1773 641 1845 Certum
679 1796 783 1857 esse,
818 1770 919 1871 quod
957 1796 1032 1844 non
1067 1773 1213 1848 tautum

4 1874 5 1885 ’
113 1867 328 1967 Superiores
349 1867 565 1967 Regulares,
593 1868 728 1968 quibus
744 1869 882 1944 directe
901 1870 1107 1969 imponitur
1120 1898 1213 1946 onus

4 2002 5 2045 ι
115 1965 369 2054 denunciandi
385 1993 428 2040 ex
440 1970 596 2042 Decreto
608 1966 982 2041 Alexand.Vll.edito
996 1994 1093 2042 anno
1110 1971 1215 2062 166⁰,

4 2128 5 2137 ,
115 2063 186 2138 sed
212 2090 339 2138 omnes
364 2066 511 2142 Fideles
539 2081 734 2148 teneantur
757 2065 804 2138 ad
819 2066 1120 2140 denunciandum
1138 2061 1212 2143 cri·
1241 2145 1242 2150 ,

115 2164 282 2237 minosos
297 2164 343 2237 de
356 2161 481 2239 haeresi
498 2220 508 2250 ,
535 2159 643 2238 atiani
662 2161 789 2240 leviter
803 2180 1019 2264 suspectos,
1038 2165 1079 2240 tt
1094 2167 1129 2239 lo
1158 2168 1216 2240 ui·

117 2276 180 2335 tur
210 2263 434 2350 Decretum
460 2264 560 2339 Dum
587 2264 628 2336 in
658 2265 733 2339 line
761 2268 840 2363 ejus
860 2267 987 2337 statuit
1017 2193 1211 2341 pontilla:

114 2362 302 2435 Decretum
313 2361 381 2435 hoc
393 2387 516 2451 omnes
534 2362 658 2462 ubique
673 2364 865 2437 existentes
878 2378 1084 2452 arctare,.et
1096 2369 1214 2459 tffce·

114 2485 180 2546 re;
205 2459 254 2531 Et
272 2459 321 2532 ita
346 2486 432 2533 cum
455 2462 645 2536 communi
669 2464 834 2537 sentiunt
856 2460 966 2535 Satn.
981 2488 1015 2534 c.
1034 2466 1111 2555 dn.
1135 2465 1213 2557 rod.

115 2557 190 2631 Sed
202 2556 299 2631 hant
319 2557 381 2630 hle
396 2559 589 2633 advertunt
608 2588 637 2634 ι.
652 2558 805 2632 minime
818 2585 895 2632 esse
910 2558 1216 2637 denunciandum

115 2655 252 2745 illum,
270 2655 316 2728 de
366 2684 413 2729 uo
432 2657 610 2731 habeatur
633 2658 794 2758 suspicio
811 2683 852 2729 ex
878 2656 1019 2731 levibus
1041 2657 1217 2746 indiciis,

120 2778 157 2827 v.
174 2782 226 2852 gr.
244 2757 275 2827 si
297 2683 422 2829 aulius
442 2756 581 2830 crimen
603 2756 798 2855 alicujusa
815 2755 969 2829 testibus
989 2755 1120 2856 parum
1143 2755 1216 2833 fide

124 2852 163 2924 di
189 2853 327 2941 niatu
341 2855 475 2929 Novar.
490 2854 590 2954 Sap.
607 2854 755 2929 Cordub.
773 2880 850 2927 cum
865 2853 973 2925 Salm.
991 2882 1021 2927 c.
1036 2856 1058 2930 3
1075 2881 1112 2930 ιι.
1135 2883 1221 2956 ¹¹7·

118 2880 331 3026 Advertunt
363 2977 397 3028 a.
435 2951 565 3051 quod,
602 2966 644 3024 ut
676 2953 723 3024 sit
755 2951 929 3051 obligatio
967 2951 1015 3025 ad
1054 2952 1218 3055 aliquem

117 3049 451 3137 denunciandum,
478 3050 720 3150 requiratur,
752 3049 795 3123 iit
827 3051 899 3123 ,ipe
940 3050 987 3124 sit
1025 3049 1219 3129 haereticus

116 3151 314 3250 proprius,
348 3164 385 3222 et
417 3151 616 3248 pertinax,
650 3175 726 3221 non
755 3147 840 3221 vero
869 3149 900 3222 si
940 3175 1005 3247 per
1040 3150 1219 3249 ignoran-

115 3249 246 3334 tiam,
282 3261 450 3337 metum‚
482 3248 691 3332 incuriam,
729 3245 874 3346 lapsum
915 3245 1219 3346 liuguae,.Fidei

111 3346 320 3451 protulerit
342 3346 515 3446 iujuriam
535 3405 545 3432 ,
569 3344 615 3418 de
642 3371 739 3444 qua,
762 3348 793 3418 si
822 3344 963 3418 secreto
993 3348 1219 3448 corrigitur,

114 3447 203 3520 sine
219 3443 334 3519 dubio
357 3448 548 3518 censeatur
566 3443 826 3541 abjuraturus,
845 3445 898 3518 ln
912 3445 1019 3520 Snlm.
1046 3446 1071 3519 l.
1090 3472 1122 3520 c.
1139 3474 1218 3521 cum

112 3546 228 3619 alaisa
248 3544 356 3618 Hinc.
376 3542 542 3619 inserunt
560 3542 698 3615 Bonus.
724 3560 760 3614 et
786 3542 950 3616 Furinae.
984 3543 1082 3637 apud
1106 3542 1218 3623 Satn,

114 3642 208 3717 ibid.
235 3669 280 3717 ac
304 3642 451 3714 Potestd
467 3668 503 3713 ιι.
524 3642 608 3717 258.
641 3639 794 3717 minime
818 3665 896 3716 esse
915 3638 1219 3719 denunciandum

116 3740 315 3816 hominem
347 3738 556 3836 simplicem
584 3754 621 3813 et
650 3741 784 3838 pium,
814 3764 877 3813 sen
911 3741 1219 3819 concionatorem

113 3841 289 3941 aliquam
318 3837 605 3939 propositionem
633 3837 880 3911 hereticalem
905 3838 949 3913 ex
974 3838 1115 3911 incuria
1135 3867 1219 3938 pro-

118 3941 335 4029 ferentem
367 3938 600 4038 presumitur
629 3938 728 4009 enim
751 3962 826 4011 non
852 3963 897 4011 ex
926 3938 1050 4010 auimo
1072 3936 1224 4014 locutus·

116 4064 215 4117 esse.
335 4054 340 4069 ·

174 4134 390 4220 Notandum
415 4133 480 4210 [tt.
504 4135 613 4211 Juxta
641 4137 700 4238 jus
726 4157 927 4211 commune
949 4156 994 4221 ex
1017 4133 1216 4253 Ennarag,
