2900 4675
306 285 388 382 cap.
405 289 448 360 11.
465 287 681 380 Drrlr..11.De
696 283 792 358 Horis
806 287 992 362 Caturicis.
1158 297 1200 381 ιγ

120 427 138 464 e
166 412 290 473 contra
305 404 400 475 Nur.
417 429 486 476 nec
503 403 650 494 tertiam
665 419 806 502 partem
826 428 945 501 parrae
965 402 1073 479 Horae
1087 458 1097 495 ,
1113 429 1200 479 con·

15 527 17 562 r
119 525 137 562 s
167 514 220 571 trs
237 502 339 573 Azor
351 501 518 577 arnald.
536 501 712 601 quianon
728 503 1200 602 cemeturparsnotabilie.

118 625 139 664 s
166 597 295 671 Talem
310 614 432 673 autem
451 599 542 674 dicit
558 600 698 673 Palaus
721 599 746 671 l.
770 627 783 674 r
802 626 843 698 p.
865 600 901 673 5.
920 627 997 675 esse
1018 599 1057 676 in
1080 604 1200 676 Metu.-

117 723 138 764 s
165 696 264 786 tino,
283 697 385 796 quod
407 714 463 773 est
478 700 620 798 aequale
638 700 703 772 uni
724 723 845 798 parvae
870 698 987 773 Horae.
1006 698 1142 773 sanct.
1161 700 1199 772 in

118 819 253 870 usum.
279 809 303 867 t.
329 824 341 869 r
364 800 390 871 l.
416 824 428 869 r
451 825 500 874 c.⁴
520 801 561 872 18
578 823 614 868 rr.
635 796 790 887 ssdicit,
808 812 882 870 tres
907 797 1085 871 lectiones
1110 823 1200 873 cum

119 923 135 960 r
161 898 402 992 responsoriis
425 896 463 968 in
496 894 614 969 feriali
641 894 772 970 Officio
800 921 877 969 esse
896 899 1087 971 materiam
1115 924 1201 999 par·

119 1018 136 1061 s
159 1015 254 1064 vam.
273 994 316 1066 Iu
335 995 453 1093 parvis
472 995 581 1067 Horis
602 993 694 1070 dicit
711 996 823 1068 Fero.
840 993 924 1066 Fr'll.
941 1012 976 1066 et
991 993 1119 1095 Laym.
1139 994 1202 1068 di·

120 1121 135 1154 ι
157 1090 318 1166 aridium
334 1118 412 1165 esse
424 1091 628 1166 notabilem
644 1092 899 1193 quantitatem.
917 1092 965 1166 V.
983 1092 1119 1170 Escob.
1132 1094 1199 1168 tc.

123 1189 186 1261 s'c.
213 1190 272 1264 13.
292 1218 326 1262 o.
349 1216 427 1290 ¹⁰7·
446 1191 511 1264 ubi
526 1191 651 1281 docet,
670 1217 782 1264 unam
795 1216 945 1292 parram
963 1191 1102 1284 Horam
1121 1217 1202 1266 nun
1228 1268 1242 1291 ‚

118 1308 236 1361 cesse
262 1303 410 1387 partem
440 1288 675 1380 notabilem,
710 1305 878 1390 respectu
907 1294 1018 1366 totius
1044 1288 1201 1378 Officii,

114 1412 130 1451 s
158 1385 263 1485 quod
288 1413 354 1486 per
383 1388 537 1462 modum
567 1388 675 1462 unius
706 1403 762 1461 est
783 1401 1029 1490 preceptum.
1053 1387 1206 1466 *verum

114 1510 133 1554 s
160 1481 234 1556 lroe
251 1483 385 1560 merito
400 1488 568 1586 rejicitur
582 1485 628 1559 ab
643 1485 735 1566 aliis.

156 1610 175 1647 a
207 1609 247 1656 s.
264 1584 333 1658 Est
351 1585 525 1676 mortale,
541 1585 572 1658 ei
591 1585 737 1658 omittas
756 1583 812 1659 vel
834 1610 947 1660 unam
963 1582 1204 1684 integrarum

110 1709 127 1747 ι
155 1680 296 1767 Horis,
317 1708 402 1781 quae
424 1699 512 1760 sunt
528 1698 693 1786 septem,
714 1685 938 1758 Matutinum
957 1709 1044 1760 cum
1062 1682 1202 1764 Laudi·

12 1779 14 1878 ς
110 1808 127 1845 s
156 1776 256 1868 bus,
284 1781 435 1868 Prima,
464 1783 612 1866 Tertia,
635 1783 765 1869 Sexta,
791 1782 923 1868 Nona,
945 1781 1120 1882 Vespere
1135 1836 1145 1870 ,
1163 1795 1202 1857 et

12 1907 14 1968 r
107 1907 125 1943 ο
154 1876 453 1977 completorium
469 1909 478 1951 ε
493 1879 551 1953 vel
564 1878 758 1956 dimidiam
771 1879 883 1956 etiam
893 1869 1200 1970 exercentibus,

108 2007 128 2046 s
156 1978 197 2049 ist
221 1975 362 2052 docent
385 1979 495 2052 Fero.
516 1977 642 2076 Regiis.
666 1975 788 2064 suar..
808 1976 937 2073 Larm.
957 1992 1086 2053 contra
1101 1978 1198 2052 Bon.

12 2069 14 2086 '
108 2104 128 2144 n
155 2090 191 2146 et
203 2075 312 2151 Less.
329 2073 389 2151 rel
406 2102 450 2150 ex
472 2077 653 2151 Matutino
668 2100 707 2174 9.
725 2078 920 2150 Lectiones
938 2103 1024 2150 curn
1045 2101 1200 2177 respon·

108 2203 129 2243 s
154 2174 288 2264 soriis,
303 2188 345 2247 ut
362 2171 493 2250 Sanch.
515 2203 546 2249 r.
567 2199 656 2250 mor.
671 2198 703 2248 c.
726 2175 782 2250 18.
802 2187 867 2250 aut
909 2190 1025 2250 artem
1040 2201 1071 2250 ae
1102 2176 1201 2248 uisa·

108 2302 127 2340 e
156 2269 299 2347 lentem
311 2272 423 2348 Horoe
436 2202 974 2364 animintmeuttuarjclrel.
985 2202 1140 2350 talllc.
1152 2273 1199 2353 25

104 2400 130 2443 ι
157 2388 195 2445 et
216 2371 400 2445 Garuntus
414 2399 427 2459 ,⁴
442 2371 515 2459 v’el,
536 2371 577 2445 ist
592 2371 678 2458 alii,
699 2399 816 2447 uuum
835 2370 1083 2446 Nocturnum.
1102 2373 1199 2446 Vide

11 2484 12 2545 ἶ
111 2497 132 2541 a
156 2470 300 2546 Borrae.
316 2468 398 2544 dub.
422 2496 453 2544 ι.
479 2496 539 2572 qu.
571 2497 602 2549 1.
618 2497 659 2571 p.
688 2497 717 2545 r.
733 2470 843 2543 Dian.
857 2497 897 2568 p.
915 2497 949 2543 a.
965 2485 991 2555 t.
1015 2497 1071 2546 12.
1086 2470 1133 2544 It.
1151 2470 1201 2571 sti

11 2580 13 2617 l
105 2571 312 2661 settis.»

11 2722 12 2767 3
155 2665 372 2761 Quaeritur,
390 2693 560 2770 quaenam
587 2667 636 2743 sit
650 2694 761 2771 parva
780 2668 930 2749 materia
944 2668 983 2741 in
1000 2667 1198 2745 omissione
1212 2682 1257 2753 tte

11 2786 13 2847 ,
109 2764 253 2839 Officii?
264 2766 401 2856 Aaou,
419 2765 516 2843 Nar.
530 2765 612 2846 Vill.
624 2783 690 2843 etc.
702 2768 800 2864 opud
815 2768 924 2840 conc.
942 2781 969 2843 t.
988 2794 1108 2866 προς.
1125 2772 1196 2868 447

111 2887 145 2937 n.
163 2868 187 2957 4
207 2877 364 2952 tenent,
387 2890 473 2939 eum
489 2890 644 2966 peccare
664 2863 889 2951 mortaliter,
905 2869 976 2967 qui
989 2867 1126 2940 omittit
1141 2866 1200 2940 di·

107 2963 289 3053 midiam,
312 2961 393 3055 rel,
420 2963 463 3038 iit
488 2964 550 3038 alii
568 2962 724 3051 dicunt,
753 2965 898 3038 tertiam
929 2977 1070 3061 partem
1088 2967 1200 3040 llorae

11 3114 13 3149 ,
110 3062 221 3136 etiam
236 3087 373 3162 parrae,
392 3063 478 3162 quia
496 3061 579 3137 talis
595 3088 679 3163 pars
694 3086 751 3134 res
778 3076 862 3136 ectu
882 3061 984 3136 illius
998 3064 1108 3139 Horae
1124 3068 1200 3161 iarn

110 3176 164 3234 est
179 3161 354 3235 notabilis
374 3161 535 3237 materia.
551 3161 623 3235 Sed
638 3089 868 3261 probaliliirs
886 3160 927 3233 id
942 3176 1077 3259 negant
1092 3163 1201 3241 Less.

109 3257 134 3329 l.
166 3285 202 3335 2.
221 3283 256 3331 c.
277 3260 336 3359 37.
356 3284 393 3337 n.
418 3260 478 3334 52.
495 3260 589 3333 Bon.
607 3260 657 3335 D.
690 3287 721 3341 r.
738 3286 773 3359 q.
791 3260 813 3337 5
828 3287 867 3359 p.
900 3285 913 3333 ι
935 3285 971 3331 n.
995 3286 1032 3331 2.
1055 3262 1199 3349 Corruit.

111 3356 146 3427 T
142 3383 245 3432 oum.
264 3373 292 3429 t.
327 3385 359 3432 r.
379 3385 464 3456 pag.
493 3359 565 3453 645
594 3385 627 3431 ν.
647 3356 740 3430 Dico
768 3383 793 3431 a
814 3383 892 3431 cum
909 3356 1012 3433 Suar.
1029 3358 1198 3447 Portae,

112 3456 194 3530 Van
212 3457 313 3556 Iius,
337 3456 421 3529 item
437 3456 518 3530 Pal.
542 3455 648 3531 Gerr.
671 3455 775 3528 Trull.
794 3456 885 3529 Pell.
906 3456 992 3528 Led.
1012 3471 1077 3529 etc.
1102 3457 1203 3554 apud

109 3555 220 3631 Conc.
238 3556 262 3628 l.
281 3583 314 3630 c.
332 3556 436 3629 Ratio
452 3610 462 3640 ,
478 3558 566 3656 quia
586 3555 675 3629 licet
688 3552 753 3627 illa
769 3580 854 3655 pers
868 3556 915 3629 sit
929 3554 1103 3629 notabilis
1121 3580 1199 3629 res-

110 3667 223 3752 pectu
239 3653 348 3729 Horae
374 3679 494 3754 parate
508 3713 518 3739 ‚
533 3668 725 3728 esttamen
739 3653 830 3727 levis
844 3654 883 3726 in
899 3678 959 3740 se,
975 3666 1013 3725 et
1026 3669 1197 3749 respectu

109 3754 223 3825 totius
254 3750 399 3841 Officii;
420 3751 520 3827 unde
549 3751 648 3829 circi
666 3753 879 3851 gravitatem
901 3750 1061 3824 materiae
1084 3752 1196 3826 totius

109 3849 231 3924 Officii
249 3852 433 3951 quantitas
453 3849 684 3950 respicienda
700 3842 777 3939 est3
794 3877 871 3924 nou
888 3864 1018 3935 ,autem
1042 3849 1198 3949 cujusli-

112 3946 177 4023 bet
188 3936 449 4024 Horae.Verii1s
464 3952 566 4024 enim
579 3963 648 4034 est,
658 3950 884 4051 preceptum
896 3947 1016 4023 Officii
1028 3974 1104 4022 non
1117 3975 1196 4023 esse

112 4047 308 4149 septuplex
324 4072 368 4122 ex
382 4063 524 4149 septem
539 4048 649 4123 Horis
664 4045 879 4132 dicendum,
893 4046 960 4121 sed
974 4073 1091 4121 uuum
1106 4073 1197 4145 prae·

113 4147 251 4251 eiplens
272 4144 423 4227 unicum
438 4147 613 4249 Officium
627 4161 949 4253 ocustaosseptem
963 4145 1139 4257 partibus,
1155 4144 1201 4243 iat

261 4243 368 4325 Tom.
392 4238 486 4332 lv.
820 4323 827 4335 ,
976 4270 999 4318 2
