2900 4675
329 298 413 390 cap.
429 298 474 366 tl.
489 297 580 370 truh.
595 299 639 370 11.
653 299 704 396 De
717 253 814 365 nolis
829 295 1017 370 Canoniois.
1180 297 1220 365 15

178 404 260 486 sed
272 405 379 484 (lices
396 439 405 479 ε
426 411 455 484 si
472 410 619 488 nullutn
632 407 826 486 intercedit
841 424 991 509 pactum
1006 432 1091 483 cnm
1107 409 1221 481 Beue

135 502 281 581 ficiario
302 564 312 597 ,
332 512 407 609 qun
426 510 566 583 ratione
588 511 666 609 ime
685 506 853 607 peccabit
874 523 1001 582 ooutra
1016 505 1219 605 iustitiam,

134 605 172 682 st
188 603 331 682 fructus
350 634 426 680 non
451 611 636 695 restituet,
663 605 720 680 iuti
745 629 787 681 su
837 607 1227 705 itemquamcertumt

128 707 375 816 'suppositum
391 706 476 782 est?
493 706 748 806 Respondetur
764 733 773 776 ε
791 632 962 790 lieceshit
979 717 1106 778 contra
1121 701 1223 802 justi·

138 813 229 874 tram
256 828 331 875 nou
351 807 493 878 ratione
508 806 606 907 pacti
623 805 732 889 initi,
756 802 820 877 sed
839 804 979 880 ratione
996 802 1220 878 conditionis

137 923 217 972 uon
243 903 404 1001 impletae
423 933 432 974 :
452 903 548 986 bene
577 905 678 977 onim
697 901 817 1017 potuit
832 897 999 976 Ecclesia
1016 900 1223 976 Beneficia·

136 997 202 1072 riis
220 999 272 1071 im
326 1028 412 1074 nere
427 1023 584 1102 pensum
604 1000 726 1081 Ollicri
743 1001 791 1074 ob
813 1001 993 1076 motivum
1007 997 1223 1098 Religionis,

137 1095 196 1168 rel
220 1026 520 1174 suilcondirione
545 1126 621 1173 non
641 1096 799 1173 faciendi
816 1097 958 1171 lructus
974 1123 1077 1183 suos,
1094 1097 1125 1171 si
1144 1122 1221 1169 uon

139 1196 395 1287 recitaverint3
424 1198 479 1273 rel
506 1199 576 1273 sub
595 1225 703 1299 poena
720 1196 884 1299 negativa
910 1221 985 1269 uon
1004 1195 1222 1368 aeguimudi

138 1291 304 1398 fructus,
315 1296 345 1368 si
365 1295 540 1385 Officium
557 1300 769 1388 omiserint,
790 1298 889 1395 juxti
903 1293 1000 1368 dicta
1013 1293 1037 1368 l.
1081 1320 1118 1366 rr.
1129 1294 1222 1379 665,

137 1406 173 1463 et
192 1391 236 1464 iat
253 1396 495 1469 teuent-Wea
521 1394 601 1469 ibid.
622 1412 657 1467 et
669 1397 768 1494 Lago
783 1396 892 1489 Hesp.
916 1394 1038 1466 morl.
1055 1391 1077 1467 5
1096 1391 1177 1465 dab.
1196 1393 1223 1467 6

137 1513 174 1562 rr.
192 1491 230 1564 6.
247 1491 396 1566 Holzm.
414 1494 452 1565 d.
466 1521 553 1592 pag.
571 1493 643 1588 443
665 1519 707 1594 νη.
725 1494 809 1586 463.
840 1490 943 1593 quod
960 1490 1066 1563 valde
1082 1488 1222 1605 proba·

139 1582 217 1660 bile
232 1605 341 1690 putat
356 1594 468 1664 Azor.
481 1620 522 1690 p.
541 1619 563 1665 n
579 1593 602 1664 l.
626 1607 715 1666 tot:
732 1594 783 1685 14.
804 1618 862 1691 qu.
883 1616 917 1689 7.
936 1587 1025 1661 Ideo
1038 1613 1138 1661 emm
1150 1589 1223 1685 (sit

138 1686 387 1788 Holzmann.)
403 1691 630 1766 Beneficiarii
654 1716 729 1763 nou
750 1692 944 1763 recitantes
966 1686 1050 1761 aute
1072 1702 1224 1760 senten-

139 1784 237 1857 tiam·
250 1801 420 1863 tenentur
435 1789 482 1862 ad
495 1789 684 1864 fructuum
700 1790 971 1863 restitutionem
983 1837 995 1870 .
1013 1785 1100 1886 quia
1114 1785 1222 1872 lraec,

138 1879 228 1957 licet
240 1885 289 1958 sit
306 1912 414 1988 poena
430 1942 440 1976 ,
456 1914 533 1962 nou
550 1902 743 1964 esttamen
762 1912 870 1986 poena
888 1884 1059 1986 positiva,
1073 1899 1137 1958 aut
1151 1887 1223 1983 pris

140 1985 283 2072 satira,
302 1985 444 2060 s'cilicet
461 2011 545 2089 quae
561 1987 680 2089 privet
694 1984 878 2070 fructibus
895 1985 1105 2084 acquisitis,
1120 1979 1224 2057 'etad

139 2106 252 2182 quam
277 2088 457 2159 sententia
474 2089 705 2186 requiratur,
736 2083 800 2162 sed
820 2095 875 2156 est
905 2108 1015 2180 poeua
1033 2082 1222 2180 negativa,

139 2178 276 2280 nempi
289 2207 373 2283 quae
388 2199 506 2285 negat,
524 2209 630 2284 posse
648 2183 790 2282 acquiri
803 2182 945 2255 fructus
956 2181 977 2253 i
990 2205 1066 2253 nou
1081 2181 1225 2254 ricitaru

140 2276 264 2368 tibus,
287 2281 395 2380 proiit
410 2288 441 2357 si
454 2284 618 2358 Ecclesia
638 2280 754 2368 dicat,
772 2303 846 2356 uon
863 2278 1027 2354 concedo
1041 2277 1109 2353 tibi
1122 2280 1222 2354 fruc·

141 2390 221 2470 tus,
242 2379 313 2454 nisi
333 2381 506 2455 Officium
525 2382 750 2471 recitaveris,
776 2381 882 2479 (Hoc
898 2394 1020 2453 tamen
1041 2378 1222 2476 intelligi·

140 2489 223 2565 tur,
245 2479 277 2550 si
298 2477 533 2579 culpabiliter
553 2479 724 2554 Officium
745 2479 960 2566 omittatur3
981 2475 1084 2550 seclis
1112 2477 1219 2569 vero,
1298 2479 1304 2490 '

140 2576 172 2647 si
190 2576 270 2650 sine
288 2577 398 2679 culpa
447 2581 542 2664 ravi,
562 2578 603 2652 irt
624 2579 732 2651 docet
759 2578 858 2746 Laio
877 2577 899 2648 l.
916 2604 947 2650 c.
964 2632 973 2663 ‚
992 2574 1107 2675 irtque
1124 2575 1222 2649 ‹lixi-

140 2697 224 2746 mus
240 2677 266 2749 l.
287 2677 363 2751 312.
435 2679 465 2752 '5
481 2704 559 2751 cum
586 2677 689 2749 Lcss.
712 2674 807 2749 Sanc
835 2731 842 2743 .
869 2674 1048 2760 Curetim,
1066 2689 1102 2745 ct
1122 2701 1249 2759 com-7,

142 2773 327 2870 maniaci)
352 2776 465 2850 Unde
485 2776 751 2869 concluditur,
770 2770 1030 2871 respondendo
1052 2772 1100 2844 ud
1117 2797 1222 2871 quae-

143 2871 276 2961 situm,
298 2874 419 3045 4606,
444 2875 475 2948 si
489 2875 668 2949 Sacerdos
685 2873 945 2949 Beneficiarius
967 2872 1113 2945 omittat
1130 2870 1222 2945 Offi-

141 2973 241 3042 cium
253 2999 303 3044 no
323 3001 386 3046 ens
399 2973 543 3050 fructus
557 2975 770 3059 restituere,
787 2983 918 3072 peccet
928 2984 1055 3067 contra
1069 2968 1222 3068 Religio·

141 3091 256 3155 uem,
282 3085 319 3144 et
345 3087 475 3149 contra
504 3073 707 3172 justitiam,
734 3068 821 3143 ciam
849 3067 1003 3159 retineat
1032 3062 1227 3156 alienum,

142 3168 245 3265 quod
262 3174 453 3268 acquirere
476 3197 552 3247 uon
576 3184 721 3271 poterat
747 3165 951 3243 omittendo
971 3164 1140 3261 Ollicium
1157 3196 1166 3237 ε
1185 3168 1227 3253 Si

142 3265 229 3340 vcro
256 3272 408 3343 omittat.
432 3269 559 3344 volens
583 3270 723 3344 fructus
752 3266 968 3361 restituere,
988 3279 1076 3339 tunc
1095 3280 1225 3367 peccet

139 3365 425 3442 tantiamcoutra
440 3369 686 3468 Religionem,
699 3391 774 3439 nou
790 3362 1011 3445 rerocontra
1022 3364 1224 3463 justitiam,

141 3465 229 3564 quia
245 3479 336 3540 tunc
354 3466 516 3553 alienum
531 3492 606 3540 non
625 3466 773 3541 retinet.
1221 3536 1225 3547 ,

190 3566 376 3655 Quaeritur
405 3565 452 3640 ΙΙ.
468 3569 539 3651 ,alu
567 3562 827 3640 Beneficiarius
854 3556 1027 3634 omittens
1049 3558 1226 3643 Officium

140 3678 272 3830 peccet
291 3665 473 3762 graviter,
492 3666 524 3738 si
545 3663 633 3737 aliis
663 3662 797 3736 habeat
825 3660 991 3735 animum
1007 3657 1228 3731 restituendi

159 3775 285 3835 ructus
317 3762 523 3837 Beneficii?
550 3761 823 3838 Affirmandum
853 3760 980 3858 utique
1010 3782 1096 3829 cum
1126 3756 1224 3856 Lago

139 3858 250 3959 Resp.
265 3887 355 3937 mor.
369 3860 393 3936 l.
413 3862 434 3936 5
452 3861 533 3935 dub.
551 3862 588 3934 6.
608 3887 644 3933 n.
664 3887 697 3934 a.
718 3859 843 3948 Ratio,
860 3857 944 3958 quia
963 3853 1072 3928 datur
1087 3852 1232 3955 duplex·

141 3975 387 4059 praeceptum,
406 3987 523 4033 uuum
541 3961 762 4059 antiquum,
780 3984 854 4056 qno
874 3954 1084 4053 obligantur
1103 3955 1226 4027 Beue-

145 4056 255 4131 liciati
276 4059 324 4131 ad
339 4059 510 4135 Officium
527 4086 536 4146 ;
555 4060 626 4133 Hic
641 4060 739 4130 enim
758 4056 828 4129 luit
846 4052 928 4127 fiuis
970 4054 1138 4126 rimarios
1152 4054 1224 4129 Ec-

143 4152 263 4230 clesiae
278 4160 319 4233 in
332 4159 562 4234 institutione
574 4157 864 4245 Beneficiorum,
882 4081 1024 4228 scilicet
1037 4152 1224 4225 servitium
1292 4203 1294 4207 -
