2900 4675
199 201 284 299 ‘aa
433 219 657 312 ars-anne
674 219 773 289 rme.
790 217 1056 313 persensisse,
1072 235 1135 287 aa.

240 333 352 407 citare
374 332 445 407 nisi
465 361 552 408 cum
569 333 666 433 gravi
681 332 938 420 incommodo,
965 347 1028 406 aut
1045 327 1229 434 probabili
1243 326 1325 402 talis

239 433 467 506 incommodi
478 431 658 533 periculo.
673 430 784 506 Unde
797 433 884 506 satis
900 446 1139 516 excusantur,
1157 430 1223 530 qui
1238 455 1327 530 pru*

240 531 370 606 denter
385 532 543 608 credunt
563 529 622 605 vel
637 532 783 619 timent,
798 557 846 605 ne
864 530 914 604 ob
933 531 1053 605 Officii
1072 530 1326 606 recitationem
1438 609 1442 616 ,

239 628 310 703 sibi
341 629 434 704 sorte
454 631 646 732 proveniat
669 629 845 704 notabilis
872 629 1040 729 gravedio
1075 629 1234 729 capitis,
1266 623 1326 698 vel

239 728 401 802 cruditas
425 728 629 820 stomachi,
649 745 713 803 aut
736 731 871 803 sirium
898 727 1097 814 lassitudo,
1121 726 1179 800 vel
1206 727 1236 799 si
1252 749 1334 802 cres

239 826 353 915 dant,
377 826 511 901 febrim
535 827 676 902 tardiias
706 856 785 902 esse
810 828 1082 903 remittendam.
1106 829 1160 901 la
1188 821 1324 900 Sancti.

237 951 316 1025 cap.
332 924 443 1001 adub.
454 928 501 1022 45
514 951 552 1000 n.
565 930 598 1021 4,
612 927 723 1003 Holz.
735 945 820 1004 tom.
839 955 852 1001 r
865 954 950 1026 pag.
965 927 1035 1021 450
1046 952 1085 999 vn.
1096 929 1179 1025 477.
1192 923 1323 995 Anucl.

237 1025 281 1096 de
295 1023 386 1097 Hor.
402 1025 494 1098 Can.
512 1051 548 1099 n.
586 1050 620 1125 7.
638 1025 896 1099 Constitutus
910 1050 949 1123 p.
966 1027 1086 1127 50712.
1106 1025 1151 1097 23
1165 1040 1201 1094 et
1212 1020 1328 1095 Salm.

226 1050 935 1198 ’030350001061014.01Ρεὶ1.020.
959 1120 1321 1218 Clen'cusaDtst.9r

236 1219 301 1293 ubi
324 1219 480 1312 dicitur,
502 1223 602 1325 quod
624 1237 773 1298 excuset
791 1223 838 1300 ab
858 1223 988 1298 Officio
1011 1219 1230 1320 inaequalius
1249 1243 1328 1289 cor·

220 1320 352 1414 poris,
374 1320 477 1419 qnod
500 1348 575 1396 non
595 1323 778 1421 significat
796 1321 968 1396 morbum
990 1346 1157 1417 gravem,
1175 1312 1329 1390 btbene

236 1417 394 1492 advertit
406 1420 547 1496 Croisrl.
565 1422 587 1514 4
603 1447 643 1493 n.
662 1424 764 1516 2224.
784 1424 833 1495 Er
850 1421 920 1496 hoc
934 1418 1177 1521 probabiliter
1192 1416 1327 1489 admit·

237 1518 349 1608 titur,
370 1518 511 1591 etiamsi
533 1517 702 1593 infirmus
726 1546 982 1622 permagnam
1003 1519 1074 1591 diei
1093 1531 1234 1618 partem
1253 1511 1329 1586 ali·

221 1705 226 1711 .
289 1640 347 1688 em
363 1614 500 1713 legeret
515 1616 650 1691 librum
667 1616 712 1689 ad
728 1620 893 1692 animum
907 1617 1121 1702 solandum,
1138 1616 1179 1689 bt
1193 1613 1328 1687 dicunt

221 1639 366 1796 66005.
385 1718 409 1789 l.
434 1743 463 1790 c.
483 1743 519 1791 n.
535 1719 570 1810 4.
589 1717 702 1790 Holz.
717 1744 805 1815 pag.
822 1719 892 1810 450
907 1743 942 1788 rr.
962 1714 1166 1815 4776001.
1184 1738 1220 1786 n.
1246 1714 1326 1788 158.

235 1811 315 1888 Elb.
328 1842 367 1912 p.
382 1813 451 1908 564
472 1842 509 1889 n.
528 1815 599 1908 462
617 1830 654 1887 et
668 1813 778 1888 Salm.
794 1817 818 1888 l.
834 1843 865 1888 c.
877 1816 914 1887 ia
926 1817 1003 1910 fine
1014 1839 1092 1887 cum
1111 1813 1216 1886 Trull.
1232 1810 1321 1881 Pelt

227 1909 366 1996 Daiara,
381 1928 446 1986 etc.
463 1914 587 1999 Ratio,
604 1915 690 2015 quii
713 1914 811 1988 ticitt
824 1915 890 1989 iste
910 1928 1029 2015 posset
1049 1911 1169 2011 legere
1187 1909 1324 1982 librum

234 2012 468 2084 recreationis
490 2018 610 2102 causi,
623 2041 699 2086 nun
714 2030 835 2087 tamen
849 2012 1138 2114 sequitur,quod
1150 2009 1278 2112 possit,
1291 2020 1329 2080 et

234 2123 404 2183 teneatur
420 2110 593 2184 Officium
606 2113 771 2200 recitare,
787 2110 833 2183 ad
847 2112 948 2212 quod
962 2111 1031 2184 alia
1045 2110 1328 2212 quidem'major

236 2209 388 2281 attentio
401 2211 624 2308 requiritur,
645 2236 729 2310 quae
746 2215 924 2311 majorem
939 2210 1043 2283 affert
1056 2207 1326 2283 difficultatem.

283 2307 497 2381 Notandum
529 2309 573 2383 Il.
607 2334 683 2383 non
713 2308 837 2384 solum
867 2325 950 2384 actu
984 2322 1226 2406 aegrotantes,
1257 2305 1326 2380 sed

234 2407 344 2479 etiam
362 2408 657 2481 convalescentes
672 2434 715 2481 ex
735 2411 830 2506 gravi
851 2408 980 2482 morbo
1001 2409 1164 2483 excusari
1176 2407 1223 2481 ab
1236 2406 1331 2480 Olli·

236 2506 293 2576 cio
314 2532 380 2606 per
402 2507 545 2606 aliquot
571 2508 649 2580 dies
672 2507 719 2580 ad
746 2506 938 2581 arbitrium
959 2508 1174 2609 prudentis,
1204 2504 1326 2579 donec

236 2605 329 2678 vires
348 2608 571 2680 reficiantur.
590 2606 643 2678 ln
660 2607 908 2680 communiter
925 2608 1052 2679 Yomn.
1070 2623 1097 2681 t.
1121 2634 1131 2679 ι
1151 2631 1232 2705 pag.
1250 2603 1326 2697 654

235 2730 290 2803 qu.
318 2731 347 2777 r.
366 2706 570 2802 Conapag.
589 2707 659 2802 497
680 2732 717 2780 n.
738 2707 773 2779 5.
788 2703 868 2777 Elb.
906 2732 962 2803 ag.
983 2704 1056 2800 564
1069 2731 1107 2780 n.
1126 2704 1192 2798 461
1215 2716 1251 2773 ct
1264 2703 1334 2776 alat·
1405 2780 1406 2787 ,

220 2802 318 2874 ΛΑ.
333 2802 507 2899 suprdcr‘t.
524 2806 574 2876 Et
594 2801 665 2877 hoc
684 2732 981 2889 admittendum,
1001 2805 1142 2877 etiamsi
1156 2804 1216 2877 isti
1232 2804 1328 2877 Mis-

234 2927 313 2972 sam
330 2898 579 2993 celebrarent,
595 2900 640 2974 'ist
651 2901 760 2974 Salm.
773 2903 807 2973 d.
827 2930 864 2975 n.
882 2903 927 2976 35
938 2930 1015 2975 cum
1028 2904 1119 2975 alias.
1216 2900 1217 2911 ’

282 2999 495 3073 Notandum
510 3002 572 3074 Ill.
590 3000 692 3100 quod
705 3002 745 3072 in
760 3000 888 3088 dubio,
901 3028 947 3075 an
962 2999 1328 3078 infirmitassufficiat

234 3097 292 3170 vel
312 3125 358 3172 ne
375 3098 422 3171 ad
438 3098 712 3184 excusandum,
739 3101 855 3214 possit
871 3127 910 3173 se
931 3101 1161 3175 committere
1187 3098 1328 3197 judicio

234 3196 392 3282 Medici,
410 3224 499 3270 exc.
520 3198 791 3291 Fratemz'tctrs,
811 3201 856 3270 de
875 3198 973 3297 thgr.
991 3215 1027 3271 et
1039 3201 1122 3272 mul.
1138 3213 1203 3271 aut
1222 3196 1327 3296 judi-

235 3295 293 3369 cio
308 3297 515 3396 Superioris
540 3296 798 3396 acquiescere,
826 3299 891 3397 qui
920 3299 959 3371 iu
985 3298 1051 3372 tali
1070 3296 1186 3371 dubio
1211 3292 1325 3371 enain

234 3392 446 3494 dispensare
458 3408 599 3566 potem
615 3395 671 3468 'vel
684 3393 847 3496 deniqui
891 3411 986 3470 otest
1002 3424 1040 3470 se
1058 3397 1241 3471 remittere
1261 3399 1327 3490 ju·

234 3492 332 3566 dicio
348 3492 463 3595 proba
493 3494 532 3568 ili
547 3493 615 3566 viri
631 3494 840 3595 prudentis.
857 3425 910 3568 lli
924 3494 1053 3579 Sotus,
1074 3494 1167 3591 Sylv.
1187 3492 1323 3567 dunch.

234 3592 358 3666 Tamb.
378 3610 445 3665 etc.
462 3620 539 3665 cum
551 3591 658 3664 Salm.
672 3618 704 3667 c.
724 3592 745 3669 3
765 3619 800 3663 n.
820 3594 877 3667 36.
899 3596 947 3667 Et
965 3595 1074 3666 etiam
1090 3618 1186 3665 stare
1229 3605 1326 3664 otest

235 3690 374 3783 judicio
399 3692 571 3792 proprio,
599 3693 628 3764 si
648 3690 722 3765 tale
742 3692 923 3791 judicium
943 3692 1098 3792 ipsemet
1120 3619 1325 3792 prudenter

234 3789 329 3863 serre
358 3792 499 3962 possit,
526 3789 570 3864 iat
599 3789 842 3891 probabiliter
869 3792 920 3863 ait
954 3790 1073 3863 Gobut
1100 3816 1161 3889 up.
1200 3789 1326 3866 Craris.

233 3914 269 3959 n.
293 3915 359 3961 raa
389 3947 396 3963 .

283 3988 355 4060 Sed
375 3987 489 4088 quid,
506 3987 536 4062 si
553 3986 611 4061 his
628 3988 824 4087 praemissis
842 3986 966 4061 adlrirc
980 3986 1137 4062 dubium
1155 4011 1325 4090 perseve-

211 4108 216 4117 ·
237 4101 290 4159 ret
303 4088 318 4160 l
331 4082 616 4187 Respondetur,
636 4088 667 4161 si
683 4086 844 4167 dubium
857 4091 925 4177 sit,
941 4087 1044 4188 quod
1059 4088 1222 4163 recitatio
1240 4113 1325 4184 gra·
