2900 4675
219 289 282 356 154
413 289 487 358 Lib.
504 286 565 357 lv.
581 289 631 356 De
645 285 744 356 Pnee.
761 283 1026 379 particularibus,
1044 302 1106 354 ete.

215 399 310 474 scire
334 426 411 475 esse
433 402 563 488 Pauli3
582 399 670 474 ride
688 400 785 497 Lago
806 399 856 470 D.
875 400 978 497 3911.
998 400 1032 493 4.
1049 398 1152 472 Idem
1168 393 1307 472 dicen·

216 491 307 573 dum
350 515 429 572 ntat
447 500 668 573 Holzmann.
684 501 710 569 t.
735 523 748 572 ι
767 524 851 595 pag.
870 498 992 571 50371.
1014 523 1098 597 7¹⁰·
1117 497 1270 570 detecte
1292 550 1308 582 ‚

216 599 287 697 qui.
309 526 379 672 liiit
403 619 561 700 praesens
586 597 625 668 in
650 596 849 670 donatione
874 598 1018 683 mutui,
1038 611 1076 668 et
1097 600 1220 692 posteb
1243 598 1311 667 in-

214 711 417 793 terrogatos
439 697 479 769 id
504 709 612 793 negat
632 751 641 776 ,
664 693 756 795 quia
794 698 866 793 jam
894 695 961 768 istc
988 694 1100 768 infert
1125 696 1309 792 injuriam

216 794 321 867 alteri
337 792 568 868 damnosam.
582 792 654 866 Sed
674 793 789 893 qnid.
812 795 843 866 si
861 796 960 865 testis
976 793 1166 866 veritatem
1180 792 1276 866 celet
1295 843 1310 876 ,

214 888 381 990 negativi>
405 921 444 965 se
473 892 612 966 babens
632 892 729 964 circi
754 891 916 980 factum,
945 892 1079 986 nempe
1101 895 1132 964 si
1149 917 1311 989 respon-

216 988 359 1078 deat‚se
366 987 463 1065 illud
477 991 631 1075 nescire,
641 1016 728 1062 cnm
738 994 859 1062 reveri
869 992 977 1062 sciat?
985 990 1181 1063 Affirmant
1191 991 1312 1062 ctibm

215 1088 427 1163 cenericum
438 1089 486 1163 ad
499 1087 765 1163 restitutionem
775 1086 885 1162 Salm.
897 1104 1001 1160 tract..
1013 1113 1057 1186 27
1070 1116 1149 1185 cop.
1168 1115 1180 1161 ι
1195 1115 1231 1160 n.
1242 1111 1308 1159 20.

216 1201 255 1261 et
279 1186 378 1261 idem
397 1187 518 1261 dicere
547 1185 687 1260 debent
714 1212 843 1259 omnes
872 1188 949 1259 Aa,
979 1188 1080 1260 citati
1097 1213 1165 1286 pro
1183 1188 1311 1285 prima

216 1290 397 1359 sententia
418 1284 526 1359 dubii
546 1283 796 1359 antecedentis
816 1283 893 1368 tob
911 1285 1080 1357 eamdem
1100 1286 1280 1357 rationein
1294 1338 1312 1375 ‚

90 1465 93 1466 ᾗ
216 1383 259 1456 lat
271 1387 639 1485 suprt,qniatestes.
661 1386 780 1483 posito
793 1398 976 1480 praecepto
988 1382 1153 1472 iudicis,
1176 1398 1314 1455 tenen·

215 1494 278 1556 tur
296 1506 351 1556 ex·
366 1481 504 1582 iustitia
519 1482 725 1556 raritatem
738 1482 942 1583 patefacere
970 1510 980 1553 ε
1008 1484 1057 1554 Et
1072 1480 1174 1580 sicltt‘
1185 1480 1314 1556 Judex

217 1593 344 1658 contra
371 1581 521 1680 justiam
550 1595 698 1680 peccat,
718 1586 749 1654 si
767 1580 986 1660 sententiam
1016 1606 1093 1653 non
1122 1577 1318 1677 proferat',·

217 1680 269 1758 sic
290 1676 441 1766 dicunt,
472 1705 622 1777 peceare
641 1693 772 1768 testes,
822 1682 861 1750 ui
879 1679 1068 1751 veritatem
1087 1704 1163 1751 non
1184 1678 1314 1749 mani«

217 1777 352 1851 lestant
369 1805 380 1851 r
398 1776 470 1850 Sed
485 1776 746 1851 contradicunt
809 1778 853 1849 ol.
869 1778 917 1850 D.
934 1778 982 1852 83
1001 1801 1092 1847 vers.
1107 1777 1170 1847 'De
1190 1791 1278 1847 teste
1294 1828 1310 1860 ,

196 1889 254 1948 ,εἰ
271 1874 371 1973 Lnga
385 1875 409 1948 l.
427 1897 460 1947 c.
490 1900 528 1949 n.
549 1875 584 1949 5.
604 1899 684 1948 cnm
699 1877 757 1948 lta
782 1876 920 1961 naudof
942 1890 979 1946 et
997 1873 1096 1962 ato,
1113 1900 1155 1947 ac
1172 1872 1312 1949 meriti)

217 1969 410 2069 probabile
426 1971 532 2074 potat
542 1971 646 2047 Less.
664 1903 933 2066 opadbumdem
950 1973 1063 2070 Lago.
1081 1974 1199 2059 Ratio,
1217 1973 1312 2071 quia

216 2075 321 2145 testis
350 2097 425 2144 non
454 2083 602 2145 tenetur
627 2069 818 2144 veritatem
845 2066 1058 2170 deponere,
1080 2072 1152 2143 nisi
1182 2084 1245 2143 aut
1261 2096 1313 2144 ex

218 2187 404 2270 praecepto
429 2169 596 2256 Jndieis,
630 2183 695 2242 aut
718 2171 860 2243 ratione
895 2169 1093 2266 juramenti
1127 2170 1312 2267 praestiti;

217 2263 320 2342 undd
334 2266 489 2341 tacendo
503 2267 711 2355 veritatem,
728 2292 804 2340 non
819 2281 947 2366 peccat
962 2281 1092 2341 contra
1108 2268 1310 2365 justitiam,

195 2364 285 2439 sed
315 2364 460 2439 tantbm
491 2380 620 2438 contra
653 2364 925 2451 obedientiam,
958 2364 1018 2438 rel
1051 2365 1160 2439 etiitn
1174 2381 1310 2440 contra

218 2463 457 2561 Religionem.
492 2465 624 2564 Dispar
652 2478 706 2535 est
725 2477 847 2536 autom
866 2462 985 2537 Iudex
1006 2469 1025 2536 a
1046 2477 1135 2537 teste
1153 2493 1163 2535 ε
1183 2465 1311 2539 tuder

219 2563 317 2641 enim
331 2588 374 2635 er
387 2563 491 2662 quasi
508 2576 699 2636 contractu
714 2588 800 2635 com
811 2562 1013 2660 Republica
1030 2563 1121 2635 inito
1136 2617 1146 2647 ,
1164 2564 1310 2636 ratione

219 2659 543 2761 Officiiassumpti,
558 2675 710 2734 tenetur
720 2685 763 2732 ex
780 2662 916 2760 justitia
937 2666 1071 2759 justam
1084 2663 1311 2734 sententiam

218 2757 443 2834 ferreetestis
458 2757 542 2831 verb
556 2785 631 2832 non
644 2775 790 2831 tenetur
805 2783 848 2831 ex
862 2761 1009 2855 justitia,
1021 2758 1087 2832 sed
1104 2758 1245 2832 tantbm
1259 2784 1310 2832 ex

219 2856 427 2930 obedientia
449 2856 610 2931 officinm
634 2859 735 2929 testis
763 2882 956 2956 peragere,
984 2872 1021 2929 et
1050 2856 1134 2931 ided
1157 2857 1307 2930 tantirm

221 2967 348 3027 eontra
372 2956 618 3028 obedientiam
649 2969 798 3054 peccat,
829 2958 1016 3028 veritatem
1036 2981 1113 3029 non
1132 2955 1310 3029 manifes-

220 3051 347 3127 tando.
376 3053 472 3126 Hoio
504 3055 693 3128 sententiae
720 3053 884 3128 adhaeret
907 3055 1015 3127 etiam
1042 3055 1181 3127 Bonae.
1205 3055 1227 3125 t
1244 3054 1307 3129 cit.

220 3176 258 3223 n.
282 3150 336 3244 td.
354 3151 450 3224 Hinc
471 3152 523 3224 ait
539 3153 640 3223 Clara
656 3154 699 3222 de
716 3153 836 3227 Cnst'b.
854 3179 982 3225 resero.
1000 3153 1047 3225 D.
1064 3152 1144 3227 612.
1163 3152 1211 3224 62
1224 3178 1309 3225 cum

218 3249 264 3321 de
280 3249 438 3321 Ianuar.
462 3248 574 3322 talem
602 3263 730 3325 testem
758 3253 972 3323 reticentem
999 3252 1189 3327 veritatem
1204 3277 1309 3343 ,nee

220 3347 409 3421 incurrere
453 3371 579 3421 casnm
620 3364 843 3421 reservatum
885 3350 923 3421 in
963 3353 1126 3447 jurantes
1168 3350 1306 3424 salsum

221 3468 306 3520 cum
347 3444 484 3520 damno
530 3447 625 3519 tertii
660 3505 671 3535 ,
714 3450 801 3547 quia
846 3448 1040 3519 reservatio
1084 3447 1307 3546 intelligitur

219 3543 295 3617 lata
322 3545 362 3617 in
378 3570 485 3629 eom,
502 3547 568 3644 qui
592 3549 689 3642 jurat
709 3572 795 3619 curn
824 3544 1017 3619 mendacio
1031 3545 1208 3644 positivo,
1225 3572 1305 3636 non

219 3657 343 3715 autem
361 3644 541 3741 negativo.
560 3644 659 3717 Dicit
677 3644 764 3716 verb
779 3644 921 3716 Bonae.
939 3642 988 3717 ib.
1009 3643 1126 3743 quod,
1146 3644 1178 3716 si
1204 3645 1305 3718 testis

220 3744 367 3840 juravit.
388 3769 426 3815 oe
442 3742 631 3815 dicturum
646 3742 845 3831 veritatem
863 3755 1030 3815 teneatur
1046 3755 1135 3815 tunc
1149 3767 1192 3813 ex
1207 3744 1307 3841 justi·

221 3841 270 3910 tia
292 3837 396 3911 illam
413 3838 558 3925 dicere,
579 3841 666 3954 qnia
682 3865 725 3913 ex
748 3844 957 3939 juramento
975 3839 1211 3938 promissorio
1230 3843 1306 3915 ori·

219 3950 285 4032 tur·
313 3933 488 4033 obligatio
519 3937 667 4036 lusatiae
686 3939 795 4012 a'Sed
826 3937 1054 4038 probabilibs
1083 3940 1305 4013 contradicit

218 4034 325 4111 less.
344 4062 380 4108 n.
399 4035 462 4112 60.
481 4037 567 4137 qnia
585 4038 709 4125 testis,
725 4036 903 4133 jocando,
921 4060 959 4111 se
976 4037 1164 4111 dicturum
1182 4039 1305 4112 verita·

218 4146 295 4207 tem
312 4190 320 4215 ‚
338 4156 413 4207 non
430 4134 592 4208 intendit
607 4156 645 4208 se
662 4132 827 4234 obligare
844 4138 1059 4234 exjustitia,
1077 4136 1143 4209 sed
1158 4137 1304 4221 tontitnt

220 4222 265 4307 itt
279 4233 412 4310 virtute
432 4230 629 4334 Religionis
644 4230 689 4310 ad
706 4230 811 4310 illam
826 4234 1145 4310 manifestandam.
