2900 4675
265 244 316 331 74⁴
465 231 540 311 Lib.
554 241 614 316 lv.
629 238 680 310 De
696 241 794 309 Pr'uc.
810 236 1076 333 particularibus,
1094 255 1158 310 etc.
1178 253 1181 256 ’

262 349 345 425 luco
359 350 568 428 in'decenti.
584 349 686 451 quod
701 378 810 434 nemo
825 351 923 426 dicet
935 410 944 438 ‚
957 352 1032 426 imis
1047 354 1176 448 Apost.
1190 350 1241 422 ad
1252 352 1343 424 Tzin'.

268 476 282 525 t
300 472 334 522 c.
354 476 373 523 2
391 478 423 526 r.
441 453 464 523 8
482 452 603 550 inquit
622 479 632 520 ε
656 452 815 530 Volo.....
838 452 927 522 rt'ros
944 477 1044 524 orare
1058 452 1093 522 t‘n
1114 450 1213 523 ornni
1224 451 1314 523 laco.
1371 519 1382 538 ,

311 548 514 640 Quaer.1v.
532 553 590 624 Au
613 550 661 622 sit
678 549 787 652 culpa
813 574 888 624 non
906 574 1049 624 servare
1065 553 1175 622 situm
1195 550 1232 620 in
1248 547 1345 620 reci·

262 647 399 719 tutione
417 646 558 736 Officii,
573 646 712 720 scilicet
737 648 895 735 stando,
924 648 1223 747 genufleetendo,
1244 649 1345 743 juxti

258 742 489 818 'Rubricuml
507 747 579 820 Alii
597 759 749 844 negant,
765 761 806 819 ut
819 746 890 818 Sal.
910 770 988 840 cap.
1011 748 1083 819 312.
1109 773 1119 819 ι
1134 774 1145 820 ι
1168 762 1205 817 et
1218 743 1349 835 Sporer

258 866 340 940 pag.
361 845 407 915 82
434 869 474 915 n.
506 844 573 941 149
594 869 673 916 cum
693 843 1183 1016 Zerull.quilrgi1tdicunt)
1208 841 1247 916 id
1267 865 1347 915 nou

261 945 494 1040 praecipitur,
510 942 575 1015 sed
593 942 821 1029 consulitur,
837 958 875 1016 et
900 968 921 1015 n
969 942 1092 1017 inetur
1109 942 1258 1042 majoris
1277 938 1349 1013 dc-

260 1041 416 1112 votiouis
440 1044 570 1137 gratil;
591 1040 640 1114 Et
664 1041 764 1118 idern
790 1055 917 1114 tenent
938 1042 1012 1120 Tol.
1034 1041 1174 1115 Bonae.
1204 1057 1240 1112 et
1263 1039 1345 1110 Fill.

259 1139 358 1232 apud
372 1139 481 1209 Crosa
498 1141 521 1210 l.
541 1143 616 1232 4η.
648 1140 753 1213 1321.
774 1143 838 1240 qui
854 1139 944 1213 dicit
957 1140 996 1212 in
1011 1140 1081 1214 hoc
1099 1137 1219 1239 potius
1237 1161 1345 1237 posse
1431 1151 1434 1158 '

311 1238 407 1308 cceri
431 1236 571 1309 ratione
594 1235 782 1327 scandali,
811 1243 923 1339 quim
941 1238 1158 1313 omissionis.
1173 1236 1244 1310 sed
1259 1261 1348 1337 pro-

260 1261 421 1422 libitina
434 1333 616 1432 affirment
632 1335 721 1409 Vl'va
739 1362 775 1434 c.
793 1336 814 1409 3
834 1365 870 1411 a.
887 1337 963 1411 511.
984 1349 1061 1436 7'et
1078 1335 1345 1435 Toarnelypag.

259 1428 334 1524 646
357 1459 391 1527 q.
418 1459 452 1508 2.
492 1437 578 1534 quil
615 1433 655 1506 id
693 1435 946 1535 praescriptum
986 1450 1040 1509 est
1065 1433 1250 1520 Rubricd3
1277 1435 1344 1507 etsi

260 1529 409 1603 omissio
425 1557 499 1605 non
514 1532 665 1606 excedat
686 1533 849 1622 veniale,
877 1537 918 1607 ist
937 1533 1068 1608 dicunt
1085 1535 1180 1608 Nan.
1203 1548 1239 1604 et
1256 1532 1343 1604 Vina

259 1627 329 1703 Lc.
348 1626 432 1702 clim
448 1628 528 1702 haec
539 1630 697 1705 Rubricu
710 1631 907 1706 uittanlium
922 1633 1114 1708 directius..
1123 1633 1204 1706 Hoc
1223 1644 1340 1704 suna

259 1724 479 1825 intelligitur
492 1728 537 1801 de
551 1729 687 1815 choro,
701 1756 786 1802 nam
802 1732 1076 1805 exttaChorum
1098 1728 1336 1804 cummuniter

261 1822 398 1897 docent
423 1826 566 1923 praefuti
583 1830 662 1902 An.
685 1827 895 1943 (quidquid
914 1829 1029 1931 aliqui
1041 1828 1189 1924 dicant)
1203 1826 1340 1900 nullam

259 1947 337 1997 esse
354 1923 522 2038 culpam,
545 1926 658 2000 situm
674 1943 929 2027 praescnptum
943 1929 1132 2008 omittere:
1161 1927 1250 2000 licet
1263 1927 1340 1999 lau·

260 2020 384 2095 debile
394 2022 556 2097 sttillum
568 2051 721 2100 servare.
733 2027 866 2100 Censet
876 2042 998 2099 nutem
1009 2027 1258 2122 Concinapag.
1272 2027 1338 2123 491

261 2146 297 2192 n.
322 2146 356 2193 α.
374 2135 411 2191 et
430 2122 516 2193 Vina
535 2124 560 2194 l.
580 2150 613 2195 c.
634 2150 671 2199 n.
696 2122 730 2196 6.
753 2150 829 2197 nun
853 2125 1016 2198 excusari
1042 2128 1062 2197 l
1090 2123 1251 2210 veniali,
1283 2122 1350 2223 qui

262 2220 341 2294 sine
356 2245 464 2309 ceusu
481 2219 652 2294 Ollrcium
668 2222 838 2303 recitaret
857 2220 1115 2297 decumbendo
1133 2222 1300 2298 inlecto.

668 2442 862 2519 DUBIUM
886 2442 948 2516 Ill.

127 2700 133 2719 .
265 2632 380 2754 Quid
406 2635 558 2722 Clerici
578 2639 737 2753 possint
760 2640 870 2724 circi
898 2634 1214 2753 dispositionem
1236 2641 1351 2733 fruc·

464 2775 584 2838 tuum
613 2784 785 2839 suorum
812 2752 1149 2840 beneficiorum?
1275 2860 1283 2881 t

265 2960 327 3031 180
347 2961 406 3031 An
422 2961 625 3053 Beneficiarii
646 2967 711 3032 sint
731 2962 1023 3055 dominisractuum
1042 2964 1151 3058 quoad
1170 2969 1351 3033 necasana

206 3067 210 3079 ’
268 3054 290 3095 ·’
392 3052 645 3117 sustentationi?

181 3176 185 3182 ·
266 3133 323 3203 181
348 3134 406 3202 An
462 3136 599 3202 badnon
614 3137 816 3206 necessaria?
834 3136 915 3205 Vide
931 3142 1024 3206 earm
1041 3140 1063 3206 l.
1082 3159 1100 3205 2
1116 3164 1150 3206 n.
1167 3139 1244 3228 491.

265 3219 325 3289 182
382 3158 621 3290 uilumundum
638 3228 723 3291 circa
743 3248 915 3316 congruam
934 3230 1189 3293 sustentationem
1214 3223 1353 3293 Clerici?

266 3306 325 3375 183
383 3331 503 3372 uanam
521 3313 679 3400 quiarititas
695 3315 730 3377 in
750 3317 846 3385 aunis
862 3316 1008 3415 expernit
1027 3318 1191 3381 censeatur
1213 3311 1351 3404 gravisi

266 3393 328 3462 184
384 3417 432 3458 aa
445 3407 608 3462 teneantur
626 3397 737 3465 Clerici
753 3420 930 3488 erogarem
945 3423 1021 3465 usus
1033 3399 1132 3490 pios?

264 3480 327 3551 185
384 3479 442 3544 aid
457 3484 647 3572 intelligatur
659 3489 783 3551 nomine
801 3492 876 3555 utris
892 3488 940 3574 pit
947 3484 963 3553 l
1003 3518 1006 3529 r

266 3565 327 3632 186
352 3564 434 3635 Vtile
454 3567 682 3635 desolationes.

132 3714 135 3717 ,
266 3648 325 3741 187
348 3654 406 3720 An
423 3653 535 3720 Clerici
546 3661 669 3744 possint
683 3661 792 3723 testari
807 3655 846 3724 de
850 3654 1014 3748 fructibus
1030 3654 1184 3750 Beneficii
1192 3662 1217 3725 θ’

347 3761 416 3829 DE
424 3762 460 3828 Α
462 3761 607 3830 LIENA
615 3765 760 3832 TIONE
769 3765 918 3832 bonorum
926 3767 1216 3836 Ecclesiasticomm
1227 3764 1305 3835 Not.
1316 3766 1349 3834 l.

261 3892 264 3901 .
390 3849 442 3915 Dc
456 3853 555 3939 paenis
574 3854 606 3915 in
621 3853 790 3919 alienantes
816 3853 899 3919 bona
921 3854 1082 3922 Ecclesioe.
1108 3853 1187 3923 Not.
1215 3856 1265 3923 11.
1292 3853 1350 3920 An

388 3939 514 4024 possint
533 3938 685 4026 alienari,
704 3944 734 4003 si
758 3941 828 4005 aslis
841 3940 990 4033 facultas
1007 3940 1084 4008 data
1100 3945 1142 4008 sit
1158 3942 1352 4008 ddonantel

260 4062 265 4073 ·
390 4017 470 4087 Not.
488 4024 558 4099 m.
578 4023 665 4113 Quid
675 4030 779 4092 veniat
793 4031 915 4093 nomine
930 4025 1092 4094 Bonorum
1107 4028 1352 4096 Ecclesiastico-

385 4108 483 4193 ,runt
502 4108 581 4178 Not.
593 4109 669 4181 IV.
690 4111 777 4201 Quid
785 4116 815 4179 si
831 4114 977 4182 utemur
991 4111 1351 4187 vetimsitddonantt?
