2900 4675
288 361 351 431 154
489 359 562 426 Lib.
578 357 639 428 tv.
655 357 706 425 De
719 355 818 425 Prec.
834 325 1100 449 particularibus,
1115 366 1178 423 etc.

238 479 244 486 ’
286 472 556 575 imprudentia.
573 500 608 546 rn
624 470 873 572 Religionibus
890 470 985 546 bend
1001 468 1175 544 institutis
1187 463 1202 562 (
1213 463 1255 539 bt
1264 477 1356 539 notat

286 575 412 673 Lrym.
429 573 486 644 cit.
505 598 535 644 c.
554 574 577 666 4
594 601 630 646 a.
647 571 682 647 5.
701 599 730 642 ν.
746 571 884 642 Fateor·
898 564 1213 663 [amanuncus
1222 589 1355 735 guesn-

286 688 437 744 mautur
453 670 663 771 prudentes.
697 667 971 742 Advertendum
988 665 1037 741 Π.
1059 665 1121 746 id,
1145 691 1219 763 quo
1265 678 1357 736 notat

285 769 331 842 ib.
347 773 438 840 idem
451 771 575 868 ⁴[touton.
597 767 741 867 nempe,
758 766 859 867 quod
874 769 916 864 in·
926 764 1060 840 talibus
1077 760 1280 837 Ordinibus
1295 765 1356 834 cri·

205 921 213 950 ,
285 868 386 941 mina
417 868 560 941 occulta
583 867 774 954 Fratrum,
795 866 824 936 si
855 867 1018 938 noudum
1050 861 1243 935 emendata
1271 859 1356 946 sint,

279 967 341 1038 vrel
367 965 530 1063 relapsus
547 967 731 1052 uincitur,
744 963 973 1065 frequentius
990 965 1070 1037 siue
1087 974 1227 1035 secreta
1248 957 1355 1030 tuoni·

168 1109 173 1118 ·
284 1066 385 1137 tione
404 1063 537 1136 (inferri
556 1071 697 1158 possint
711 1063 758 1135 ad
775 1062 971 1136 Praelatum
998 1061 1186 1159 tamquam
1204 1057 1354 1131 Patrem:

285 1176 365 1234 tum
385 1162 471 1262 quia
496 1161 643 1234 Praelati
661 1175 750 1234 sunt
769 1163 837 1234 viri
858 1161 908 1259 pii
932 1176 968 1233 et
987 1159 1210 1259 prudentes,
1226 1159 1288 1270 qui
1304 1151 1359 1227 ad·

284 1263 490 1332 monitione
522 1263 635 1357 magis
666 1259 838 1359 prodesse
868 1275 1045 1357 possunt;
1074 1272 1154 1329 tum
1184 1280 1270 1356 quta
1298 1251 1358 1352 ipsi

285 1360 400 1456 magis
430 1355 554 1430 idonei
577 1373 661 1429 sunt
691 1357 738 1430 ad
767 1359 906 1431 crimen
939 1352 1240 1440 emendandum,
1263 1365 1296 1425 et
1318 1347 1359 1421 ad

286 1463 494 1530 occasiones
524 1453 691 1551 relapsis
721 1456 940 1528 amovendas
966 1486 974 1529 2
1004 1446 1359 1538 Nam‚i1t“rectedi·

286 1568 376 1627 cunt
395 1553 501 1628 Suor.
520 1553 563 1624 de
584 1552 718 1625 etant.
748 1553 838 1650 disp.
858 1557 881 1624 8
907 1571 991 1625 sert.
1010 1551 1035 1624 6
1051 1581 1088 1622 u.
1114 1577 1170 1624 ια.
1189 1565 1224 1621 et
1238 1543 1357 1621 Sanch.

284 1654 308 1723 l.
339 1652 417 1728 6c.
448 1651 489 1725 16
516 1676 552 1725 n.
576 1651 635 1724 50.
660 1650 718 1722 vel
767 1665 932 1727 eceatum
963 1646 1361 1748 Religiosiestleve‚et

286 1764 396 1840 tunc,
419 1746 505 1821 cbm
530 1749 720 1822 infamatio
737 1680 825 1822 lieris
842 1751 908 1836 sit,
927 1755 1045 1850 major
1063 1743 1361 1848 plerumqueuti·

284 1846 369 1920 litas
395 1873 462 1946 'ex'
480 1847 766 1921 denunciatione
798 1850 1016 1948 proveniet,
1050 1848 1162 1947 quam
1194 1844 1360 1916 damnum

285 1947 407 2018 fratris
426 1945 517 2017 erit:
537 1951 783 2046 praeterquam
802 1945 902 2047 quod
914 1941 1127 2046 huiusmodi
1142 1938 1360 2016 cousuetudo

287 2043 539 2117 denunciandi
558 2044 712 2116 Praelato
740 2045 829 2116 levia
846 2044 1001 2126 delicta.
1019 2041 1063 2116 bt
1079 2043 1126 2114 ait
1140 2040 1298 2125 Suam,
1314 2050 1361 2110 eat

288 2143 392 2242 quasi
409 2145 607 2214 neccssaria
626 2142 670 2212 ad
690 2142 887 2239 Religionis
908 2158 1043 2216 statum
1060 2137 1359 2214 conservandum:

286 2243 343 2312 vel
360 2243 498 2311 crimen
515 2238 636 2312 fratris
650 2256 703 2312 est
718 2266 825 2340 grave
843 2297 851 2324 ‚
870 2256 905 2313 et
927 2256 1016 2314 tunc
1036 2253 1098 2311 aut
1113 2237 1227 2310 l'rater
1240 2260 1379 2339 pecca-¹

237 2356 242 2369 ·
282 2341 333 2410 nit
365 2365 405 2409 ex
427 2336 643 2433 fragilitate,
670 2353 707 2413 et
722 2335 852 2411 melibs
867 2353 1038 2413 occurret
1052 2340 1252 2437 Superior,
1268 2360 1359 2408 occa·

286 2438 409 2510 aiones
431 2434 651 2523 auferendo,
671 2437 771 2536 quod
788 2437 882 2513 alius
898 2438 1028 2538 nequit
1042 2449 1235 2534 praestare;
1254 2446 1358 2507 auter

285 2534 425 2608 malitia
441 2589 451 2619 ‚
470 2549 506 2606 et
521 2548 612 2608 tuuc
632 2534 815 2608 rarissime
834 2535 1098 2609 exinanitione
1114 2533 1237 2611 fratris
1250 2556 1357 2631 spera·

285 2646 349 2706 tur
365 2630 584 2716 emendat,th
601 2632 690 2705 dicit
699 2630 817 2706 Sanch
836 2631 914 2704 t'bril.
928 2659 1006 2705 cum
1024 2630 1135 2728 Coget.
1151 2631 1219 2732 qui
1234 2629 1355 2717 asserir,

285 2729 423 2804 rectibs
433 2731 721 2831 supponendum
732 2789 741 2820 ‚
752 2730 946 2831 quod‘reus
960 2754 1001 2803 er
1015 2735 1244 2804 correctione
1257 2751 1359 2800 secre-

286 2844 322 2900 ta
353 2828 475 2928 potibs
506 2832 620 2927 lingat
646 2854 685 2902 se
710 2828 947 2903 emendatum
971 2882 980 2914 ‚
1004 2834 1114 2929 quim
1144 2824 1359 2901 emendetur.

286 2926 442 3002 Addunt
470 2926 568 3001 recte
596 2927 697 3000 Sunt.
717 2955 767 3011 ex
790 2926 923 3000 Sanch.
943 2928 1103 3000 rix'lieri
1127 2924 1232 3025 posse
1247 2982 1257 3011 ,
1272 2920 1359 3024 quod

288 3025 445 3098 crimina
458 3026 719 3123 Religiosornm
736 3053 810 3098 non
829 3026 1086 3100 redundent-in
1101 3025 1297 3098 maximum
1306 3022 1362 3094 Re·

286 3120 436 3220 ligionis
449 3120 637 3213 damnum,
650 3137 731 3197 tum
746 3124 793 3196 ob
808 3125 1025 3198 scandalum
1037 3125 1192 3197 fratrum
1208 3182 1217 3215 ‚
1234 3115 1359 3195 tumob

287 3220 486 3335 Religionis
503 3222 702 3304 infamiam:
715 3223 813 3296 Hinc
826 3222 1071 3313 dicitSuarez,
1084 3222 1208 3296 omnia
1220 3216 1361 3296 crimina

288 3325 407 3417 gravia
422 3318 515 3393 bene
531 3318 746 3394 denunciari
760 3346 866 3419 posse
877 3318 1049 3406 Praelato,
1067 3325 1254 3421 tamquam
1263 3320 1362 3393 Com·

205 3502 210 3507 Ι
287 3419 460 3490 munitati
480 3419 708 3515 perniciosa:
728 3418 802 3493 imo
819 3419 916 3521 saepe
939 3418 1201 3516 obligationem
1217 3413 1361 3490 essede·

287 3516 516 3601 nunciandi,
560 3518 732 3589 roesertirn
749 3518 778 3590 si
791 3518 970 3591 P‘raelatus
985 3520 1182 3615 interroget
1195 3542 1204 3601 3
1217 3515 1360 3595 Saltem,

287 3612 411 3728 inquit
427 3544 613 3704 Sanciin,
631 3613 736 3689 valde
756 3618 953 3716 expedire,
972 3616 1072 3715 quod
1092 3614 1267 3689 Praelatus
1280 3613 1361 3683 sciat

287 3713 374 3783 vitra
396 3712 564 3795 fratrum,
580 3712 621 3786 bt
636 3710 768 3787 melius
782 3726 1021 3789 amoveantur
1037 3712 1208 3814 lapsuum
1225 3709 1360 3812 pericu·

288 3809 339 3884 la.
360 3808 468 3883 Addo
494 3824 631 3909 elego,
652 3812 751 3909 quod
773 3816 972 3887 maximnm
990 3814 1251 3886 inconveniens
1265 3800 1360 3882 faciit

289 3908 476 3991 eveniret.
497 3910 528 3981 si
554 3908 718 3984 Praelatis
737 3910 891 3985 crimina
911 3910 1122 3984 denuntiari
1138 3936 1213 3983 non
1227 3913 1361 4009 possent

240 4010 244 4017 ’
290 4002 377 4077 ante
408 4023 585 4081 secretam
617 4008 880 4099 monitionem
907 4010 1024 4095 Nam,
1051 4010 1080 4082 si
1102 4004 1233 4083 ex'illa
1252 4003 1360 4077 delin-

290 4124 408 4203 queus
425 4129 498 4176 non
517 4105 735 4180 emendetur
750 4109 765 4199 l
775 4108 876 4209 quod
893 4107 934 4181 tu
951 4105 1152 4207 plurimbm
1165 4100 1360 4180 timendum

288 4216 365 4290 sit,
393 4203 450 4275 uti
475 4207 587 4303 supra
610 4208 819 4284 nausimus
844 4232 933 4284 cum
943 4204 1127 4306 Sascha,
1146 4220 1210 4284 aut
1233 4202 1359 4280 crimen
