2900 4675
308 331 370 432 tid
421 419 443 430 ,Ι
507 329 586 403 tib.
603 332 663 405 Ν.
680 332 730 403 De
745 334 843 404 Prae.
860 325 1126 427 particularibus,
1143 303 1224 405 etc..
1269 365 1277 382 r

306 471 433 520 casum
447 448 639 545 contigisse
653 448 744 521 liora
761 451 886 540 tertiat,
902 450 996 522 alius
1011 453 1139 549 quarta
1158 478 1168 519 ε
1185 472 1280 520 unus
1298 456 1384 519 tens

303 572 375 642 pus
390 546 500 638 fuisse
524 547 764 638 nubilosum,
783 547 877 620 alius
895 573 1063 621 serenum
1082 603 1092 640 ,
1122 562 1159 620 et
1176 544 1321 618 similes.
1337 546 1384 618 Iti

303 643 341 714 S.
359 644 485 717 Thom.
503 671 521 715 2
539 662 687 743 aquoest.
702 669 748 743 70
761 660 826 742 ort.
843 647 926 738 :aad
935 671 968 718 2.
982 645 1087 718 Soloi.
1100 671 1132 738 u.
1147 645 1169 717 3
1184 670 1220 716 n.
1235 649 1279 743 47
1293 645 1382 734 etld.

299 739 516 840 Requiritur
531 741 574 815 ΙΙ.
588 757 630 815 ut
646 735 753 816 testes
766 742 955 843 deponant
967 770 1053 836 cum
1066 750 1292 840 iuramento,
1306 739 1382 813 aliis

255 867 259 880 ·
304 864 382 912 non
403 839 582 937 probant,
599 865 643 912 ex
656 869 737 934 cop.
765 842 826 914 51.
847 842 890 912 de
910 843 943 911 T
941 858 1004 913 est.
1020 858 1056 914 et
1068 868 1147 935 cup.
1167 841 1245 939 quis
1268 864 1320 937 qu.
1344 836 1381 934 39

304 936 349 1007 de
367 936 467 1011 'Tcst
485 937 562 1011 Ubi
579 940 630 1012 ait
647 939 841 1013 Panormit.
867 938 948 1011 Nec
971 937 1149 1038 Episcopo
1173 937 1308 1036 quidem
1328 943 1381 1020 ‚u

303 1036 404 1118 testi,
419 1037 517 1107 credi
529 1036 564 1108 in
589 1036 729 1108 altertits
740 1036 997 1133 prejudicium,
1016 1037 1089 1108 nisi
1099 1036 1229 1130 [iurato.
1247 1034 1380 1132 Requir.

296 1131 366 1206 ΙΙΙ.
381 1134 434 1208 Ut
447 1147 553 1207 testes
569 1159 633 1232 per
646 1159 683 1207 se
694 1132 904 1209 immediati
914 1162 987 1208 rern
1004 1135 1237 1234 perceperint
1252 1128 1383 1206 externi

305 1255 348 1302 eo
368 1255 477 1304 sensu
497 1288 507 1322 ‚
528 1258 602 1332 quo
623 1259 679 1305 res
697 1234 923 1333 percipitur,
947 1249 1033 1334 puta
1053 1288 1063 1317 ‚
1089 1248 1129 1328 ut
1145 1234 1217 1331 ipsi
1241 1230 1384 1302 viderint

305 1328 533 1403 occidentem
553 1385 565 1420 r
584 1328 768 1403 audierint
781 1330 1100 1430 blasphemantem
1120 1388 1130 1422 ,
1151 1346 1222 1404 etc.
1238 1330 1261 1401 I.
1277 1326 1381 1418 Soloi

306 1426 347 1499 C.
365 1428 410 1498 de
431 1425 466 1497 T
462 1444 528 1499 est.
545 1443 582 1500 et
596 1431 663 1522 ad
676 1428 699 1525 ἓ
732 1428 851 1501 Solum
863 1458 900 1526 q.
918 1430 940 1502 3
958 1430 1053 1503 Vide
1071 1427 1182 1501 Salm.
1199 1429 1315 1501 adn.
1331 1426 1380 1519 48.

304 1537 341 1598 et
355 1527 404 1620 49
420 1551 504 1598 cum
516 1524 610 1625 Sylv.
635 1528 731 1598 Pan.
749 1526 835 1600 Teb.
861 1541 897 1597 et
908 1528 1097 1601 communi.
1117 1530 1166 1601 At
1181 1529 1219 1599 in
1245 1526 1312 1598 hoc
1329 1548 1383 1596 uo·

303 1622 465 1695 tendum
486 1680 495 1714 ‚
517 1622 616 1723 quod
632 1650 700 1697 nec
716 1626 824 1717 etiim
840 1625 1023 1698 sufficiant
1041 1625 1087 1698 ad
1105 1623 1217 1724 plene
1236 1621 1381 1723 proban·

306 1717 394 1792 dum
416 1734 547 1809 testes,
568 1723 631 1821 qui
653 1722 865 1820 deponunt,
883 1725 1061 1797 audivisse
1078 1722 1231 1821 quidem
1252 1746 1315 1822 per
1328 1744 1382 1807 se,

305 1818 369 1891 sed
387 1819 545 1894 mediati
563 1876 573 1906 ‚
591 1820 685 1894 idest
702 1820 824 1895 me'dio
843 1822 1180 1916 pariete‚‚eortind‚
1198 1824 1285 1921 quin
1304 1816 1384 1890 vide

304 1918 381 1990 rint
399 1919 508 1990 etiim
525 1915 737 2018 loquentem
759 1976 768 2004 ,
788 1918 829 1993 irt
842 1919 954 1992 Satn.
982 1948 1068 1994 cum
1085 1920 1256 1991 Furinae.
1272 1931 1304 1988 et
1317 1915 1384 1987 ultis

305 2039 402 2090 narn.
422 2016 469 2090 50
488 2017 599 2091 etdr.
624 2016 705 2094 Hoc
720 2019 845 2107 autem
870 2021 985 2092 currit
1002 2020 1040 2092 in
1062 2045 1172 2092 eausa
1190 2013 1379 2101 criminali,

305 2136 382 2184 non
405 2129 527 2187 autem
548 2113 673 2202 civili;
694 2135 847 2215 excepto
871 2118 1130 2205 Testamento‚
1161 2115 1225 2187 ubi
1243 2109 1382 2212 requiri·

304 2222 395 2294 tur,
417 2226 459 2306 ut
481 2225 587 2288 testes
606 2239 682 2286 non
697 2213 817 2287 solium
843 2215 1020 2300 audiant,
1038 2214 1229 2287 sedetiim
1256 2213 1382 2283 videant

306 2307 516 2385 testatorem
532 2305 765 2409 loquentem3
779 2340 821 2386 ex
836 2309 989 2387 LSiuon
1005 2311 1151 2409 speciali
1166 2367 1176 2399 ‚
1192 2313 1234 2383 C.
1248 2308 1290 2382 de
1306 2308 1380 2379 Tes-

305 2422 392 2482 tam.
404 2406 514 2480 Sulm.
527 2406 745 2485 ibidTestes
759 2425 880 2483 autem
898 2410 944 2484 de
957 2404 1087 2485 auditu
1102 2409 1225 2484 alieno
1240 2467 1250 2499 ,
1266 2399 1379 2503 nempi

307 2503 372 2617 qui
391 2507 530 2579 crimen
549 2508 688 2581 narrari
703 2509 968 2582 audiverintab
986 2536 1079 2593 uno,
1096 2509 1150 2581 vel
1172 2506 1312 2581 duobus
1328 2518 1378 2575 tes·

304 2601 405 2677 tibus
419 2603 462 2676 de
479 2606 577 2693 visu,
595 2631 670 2703 nou
688 2606 809 2709 solirm
828 2634 901 2680 uon
919 2606 1077 2708 probant
1098 2663 1108 2695 ‚
1125 2604 1192 2681 sed
1209 2632 1275 2679 nec
1289 2605 1376 2676 etiim

304 2701 548 2804 semiplenam
567 2702 823 2801 probationem
842 2706 1008 2797 iaciunt,
1031 2721 1072 2779 ut
1084 2706 1197 2779 Solm.
1213 2731 1246 2777 c.
1263 2704 1328 2778 tn.
1341 2696 1377 2774 53

293 2806 393 2883 'cum
410 2798 581 2873 Mirrada
596 2858 605 2875 .
620 2803 787 2876 Farrirac.
804 2803 1260 2877 etcommum'lun'stumm.
1277 2804 1381 2892 Quatt-

293 2897 357 2991 ‚do
372 2898 457 2975 γετὸ
470 2899 602 2999 adsunt
615 2902 742 3001 plures
757 2916 937 2976 contestes
953 2904 1117 2999 proReo‚
1133 2915 1170 2975 et
1184 2901 1381 3000 plurescon·

307 3010 362 3070 tra
379 3055 387 3081 ,
405 2996 576 3071 standum
595 3015 649 3072 est
665 3027 733 3098 pro
750 2998 847 3087 lieo,
874 3015 915 3074 ut
930 3001 1038 3074 ducet
1052 3001 1086 3074 S.
1109 2998 1236 3071 Thom.
1262 3017 1381 3090 aequ.

308 3119 356 3189 70
373 3111 438 3167 art.
464 3122 485 3168 2
504 3096 559 3168 ad
577 3123 612 3169 2.
634 3098 788 3171 Etiamsi
819 3113 925 3173 testes
955 3100 1130 3195 contrarii
1147 3100 1223 3171 sint
1244 3096 1381 3194 majores

308 3190 509 3291 dignitate,
527 3208 567 3267 ut
583 3194 693 3268 Salm.
711 3223 749 3271 n.
766 3198 826 3290 54.
846 3223 932 3270 eum
949 3199 1042 3269 Pan.
1061 3196 1164 3268 Med.
1176 3212 1250 3279 ¹etc.

246 3301 298 3354 ³⁶¹
357 3289 463 3366 Adde
484 3348 493 3376 ‚
515 3291 615 3392 quod
640 3295 740 3369 Laici
771 3297 808 3367 in
837 3294 1090 3369 criminalibus
1123 3285 1380 3395 repellantur&

311 3389 539 3465 testificando
558 3407 684 3465 contra
702 3394 865 3468 Clericus
878 3420 921 3467 ex
942 3420 1008 3466 ω
1027 3420 1062 3492 q.
1085 3419 1126 3466 ra
1143 3394 1185 3465 ln
1201 3391 1320 3490 aliquo
1331 3399 1381 3455 ta·
1420 3457 1422 3465 s

307 3514 395 3564 men
409 3516 494 3565 casu
516 3504 671 3589 possunt
684 3492 864 3592 Episcopi
875 3493 926 3565 uti
941 3491 1044 3565 laicis
1062 3490 1215 3564 testibus
1234 3484 1378 3588 probatu

307 3588 389 3661 vitoe
402 3586 649 3684 adprobanda
664 3588 818 3664 crimina
833 3616 984 3665 suorum
994 3588 1226 3663 subditorum
1243 3616 1252 3657 ε
1265 3587 1294 3658 Ε
1307 3604 1380 3654 con·

297 3686 413 3757 'verso
438 3685 597 3768 Clerici.
625 3702 662 3759 et
681 3687 851 3786 Religiosi
888 3703 1041 3788 possunt
1061 3685 1245 3760 testificari
1268 3692 1379 3755 contra

244 3782 246 3786 ’
268 3791 273 3797 ’
307 3784 450 3875 Lucos,
468 3780 598 3858 etsi'ad
615 3766 685 3858 irco
701 3812 776 3858 nou
796 3779 937 3887 possint
953 3784 1159 3885 compelli-a
1173 3782 1300 3859 Judice
1315 3798 1379 3849 σε·
1419 3794 1420 3837 t

239 3884 245 3895 “
297 3880 448 3983 ‚cularip
464 3909 506 3957 ex
526 3910 559 3957 c.
586 3883 807 3981 Quamquam
836 3887 878 3978 ri
904 3912 938 3984 q.
961 3912 993 3959 2.
1014 3884 1071 3979 Ex
1095 3884 1244 3984 praefato
1272 3894 1379 3983 tameo
1418 3908 1420 3925 ·

310 3993 408 4055 textu
435 3978 531 4055 clare
548 3979 745 4055 deducitur
758 4018 771 4068 ,·
783 3994 862 4058 nort
878 4010 983 4082 posse
1003 3982 1186 4056 Clericum
1213 3976 1378 4054 testificari
1418 4000 1419 4087 p

311 4068 438 4153 corium
457 4078 593 4161 Judice
610 4079 803 4167 saeculari,
824 4083 901 4155 sine
925 4080 1073 4156 licentia
1099 4081 1155 4157 sui
1184 4067 1378 4176 superiorit-
1417 4090 1419 4151 t

286 4176 370 4283 *An
392 4166 786 4297 autemsstcstirnonium
811 4180 947 4287 Clerici
970 4178 1051 4260 ¹sine
1075 4177 1225 4257 licentia
1250 4161 1378 4249 Praelati
1414 4178 1419 4301 p
