2900 4675
252 305 334 402 Gap.
343 299 547 388 linat-li.
560 302 610 374 De
621 302 772 374 Ministro
783 300 1071 376 Ssnuumtorum.
1137 301 1202 372 tm

119 417 295 511 Sadratio
311 423 389 495 haec
413 433 490 492 non
514 416 718 506 convincit,
740 419 827 516 quia
850 416 890 490 in
906 414 1050 491 tantiam
1069 415 1203 492 oecul-

117 520 208 594 urio
224 520 304 597 lucc
327 545 402 596 uon
420 530 475 592 cst
489 515 591 593 licita
605 516 645 590 in
670 539 858 602 sermone,
877 515 917 589 iu
937 512 1119 615 quantiam
1142 512 1206 587 lo«

46 652 51 660 ·
121 643 240 718 quens
260 614 577 707 teneturluedeci
606 615 655 687 ’at
669 614 880 714 proximum
902 639 1066 714 quocum
1082 611 1204 713 loqui·

122 716 335 813 tur)taliter
349 714 512 816 proferre
527 735 588 787 ver
616 738 657 797 a,
672 726 716 783 ut
728 710 882 785 audiens
894 713 1007 811 possit
1017 712 1204 785 raritatem

121 814 332 916 percipere,
346 830 383 888 et
397 810 480 887 idea
496 812 534 886 in
549 835 718 888 sermone
733 811 911 886 restrictio
929 809 1022 911 pure
1034 808 1205 886 mentalis

123 927 179 988 ast
194 913 321 1004 vetitam
339 930 376 986 at
394 915 434 985 in
450 911 654 1008 prolatione
676 908 802 984 formae
819 908 1042 984 sacramenti
1056 932 1133 980 non
1147 919 1213 981 tes

49 1081 57 1100 ,
122 1027 235 1084 netur
258 1011 497 1088 ministeriu
526 1008 688 1107 prolerre
715 1006 851 1099 verba,
871 1022 913 1080 ut
929 1007 1208 1084 Sacramentum

122 1111 328 1208 suscipiens
341 1108 405 1181 illa
414 1106 548 1182 audiat
558 1107 793 1207 Quapropter
806 1130 882 1186 non
899 1104 1043 1178 ridetur
1052 1102 1209 1198 obstare,

127 1206 230 1307 quod
253 1206 339 1281 talis
368 1206 564 1280 occultatio
581 1207 628 1277 sit
654 1207 835 1277 restrictio
858 1197 1048 1295 menralts3
1063 1216 1100 1279 et
1121 1202 1211 1288 hinc

123 1306 244 1405 prima
266 1307 487 1406 opinionon
513 1303 658 1378 videtur
675 1300 932 1401 improbanda.
1125 1381 1131 1386 ,

174 1406 233 1480 Ex
251 1402 380 1477 eadem
400 1406 539 1480 ratione
554 1401 818 1487 irreverentia,
834 1397 1050 1488 consulitur
1063 1401 1128 1500 qui
1146 1397 1253 1474 asi-‘⁶0

126 1502 390 1592 ministrando,
403 1502 591 1575 sedetiam
603 1499 667 1599 qui
681 1498 918 1598 suscipiendo
933 1499 1213 1574 Sacramentum
1251 1561 1256 1568 .

128 1601 334 1686 simularet,
354 1625 431 1672 non
452 1612 685 1673 excusaretur
703 1601 724 1670 l
745 1596 909 1687 mortali,
931 1615 975 1670 ut
992 1599 1081 1676 dicit
1104 1597 1218 1682 (Σιοιίι1

128 1696 177 1768 ib.
188 1699 307 1798 &¹57
322 1722 410 1771 cum
423 1698 572 1770 Carden.
584 1709 619 1765 et
631 1694 752 1768 Germ.
763 1692 837 1768 Sed
849 1696 919 1769 hoc
932 1700 1050 1772 currit
1092 1694 1215 1776 uaudlt

131 1794 235 1872 adest
247 1821 330 1874 vera
345 1793 530 1870 simulatio
546 1792 781 1875 sacramenti.
797 1793 894 1870 Hinc
909 1793 1067 1876 infertur
1088 1850 1111 1878 ,.
1128 1818 1217 1884 cum

132 1893 283 1978 Carales.
305 1894 341 1965 iu
357 1893 392 1966 d.
406 1893 514 1989 Prop.
533 1916 633 1988 2911.
651 1892 697 1990 73
716 1892 872 1966 arctoas
886 1917 922 1963 ιι.
947 1892 1106 1967 158cum
1134 1891 1216 1964 Dic.

133 1990 309 2080 Garmaz,
324 2005 389 2064 etc.
407 1989 519 2092 quod,
537 1993 566 2061 si
607 1990 663 2064 uis
675 1986 980 2070 nolensconssteri
992 1988 1218 2085 ingrediatur
1342 2005 1349 2016 ’

131 2089 431 2178 confessionnis,
447 2015 709 2186 etgenaillexus
726 2084 939 2189 alloquatur
946 2085 1220 2170 confessarium
1325 2179 1329 2186 ἱ

132 2187 180 2261 de
209 2188 336 2286 aliquo
360 2188 530 2285 negotio,
558 2213 632 2260 uon
657 2184 808 2262 simulet
833 2188 1127 2285 Sacramentum,
1150 2213 1219 2280 nac

135 2302 265 2386 peccet
283 2300 432 2387 peccato
450 2285 655 2376 mendacii,
672 2287 758 2385 quia
772 2282 858 2361 ciam
878 2284 950 2361 hoc
964 2286 1011 2367 alt
1024 2279 1131 2361 valde
1146 2288 1222 2361 usi-

134 2401 274 2472 tatum,
292 2385 394 2485 quod
417 2384 532 2482 aliqui
554 2381 731 2458 accedant
753 2381 800 2458 ad
824 2384 1097 2461 Confessarium
1113 2388 1222 2461 causl

134 2484 288 2599 petendi
307 2482 597 2583 eleemosynam,
622 2496 687 2556 aut
714 2482 935 2558 consulendi
953 2482 1000 2557 de
1013 2486 1223 2583 scrupulis,

136 2581 314 2672 insertur,
329 2584 512 2671 actionem
526 2581 629 2663 illam
649 2605 728 2655 esse
745 2581 1035 2663 indifferentem.
1049 2581 1162 2665 Secita
1175 2583 1226 2657 ait

137 2682 326 2754 Cardenus
341 2707 377 2753 ιι.
393 2705 456 2779 71.
472 2679 604 2778 siquis
622 2678 815 2753 accederet
830 2704 918 2755 cum
933 2682 1164 2768 intentione,
1185 2695 1227 2755 ιιι

139 2779 419 2855 circumstantes
436 2777 601 2863 credant,
616 2778 741 2874 ipsum
755 2779 936 2862 confiteri,
947 2792 1038 2851 tunc
1057 2779 1155 2852 enim
1173 2777 1227 2855 di·

138 2878 214 2959 cit,
232 2902 319 2948 eum
338 2898 495 2975 peccare
514 2889 664 2974 peccato
680 2874 889 2961 mendacii,
907 2889 944 2950 ct
967 2874 1158 2976 sacrilegii.
1178 2878 1229 2953 At

142 2970 268 3073 quoad
286 2985 480 3075 peccatum
501 2971 680 3069 sacrilegii
699 2998 844 3074 nequeo
865 2972 955 3049 huic
972 2973 1148 3061 doctrinae
1163 3003 1229 3075 ιιι*

141 3072 343 3172 quiescere,
353 3099 440 3161 cum
459 3074 559 3144 euim
577 3069 629 3145 ibi
641 3069 909 3158 desitmateria,
923 3088 961 3146 et
970 3073 1231 3177 formicamque

140 3169 374 3270 intelligere,
396 3169 460 3245 uhi
478 3170 525 3243 sit
543 3168 731 3245 simulatio
750 3164 1001 3247 Sacr'amenti.·
1059 3232 1063 3237 .
1365 3244 1370 3254 ,

124 3306 130 3317 ’
191 3268 352 3344 Insertur
369 3269 417 3344 11.
439 3267 542 3369 quod
571 3272 609 3341 in
629 3295 741 3357 casu,
761 3294 834 3369 quo
860 3269 998 3371 aliquis
1018 3294 1093 3345 non
1115 3274 1270 3372 possitsr
1337 3323 1342 3327 .

142 3391 182 3440 se
211 3367 405 3466 disponere
435 3365 482 3440 ad
511 3366 846 3467 cummunionem,
876 3384 1000 3469 posset
1027 3369 1231 3469 aliquando

144 3466 339 3540 convenire
355 3492 442 3541 cum
453 3464 643 3554 Parasito,
656 3465 702 3539 ad
715 3466 902 3543 infamiam
915 3522 925 3556 ,
938 3466 999 3543 rel
1012 3467 1233 3543 scandalum

146 3561 356 3648 vitandum,
372 3580 413 3637 ut
430 3563 491 3640 hic
502 3562 602 3661 dicat
619 3563 763 3639 tantiam
775 3566 913 3666 superi
942 3592 982 3640 so
998 3565 1109 3640 rerba
1121 3569 1233 3649 :,Con·
1308 3574 1313 3583 '

141 3680 214 3757 pus
234 3659 381 3732 Domini
396 3663 512 3738 nosci
529 3664 620 3736 Jesu
645 3661 780 3736 Christi
798 3665 896 3739 custo
921 3666 994 3752 iat,
1011 3678 1077 3741 stc.
1100 3679 1138 3741 et
1155 3692 1234 3741 uon

147 3757 312 3857 praebeat
326 3759 509 3845 Hostiam,
523 3759 740 3847 irtadruittit
751 3762 859 3834 Crem
870 3762 893 3837 l.
906 3762 943 3838 6.
954 3778 1047 3861 part.
1069 3788 1081 3836 ι
1098 3787 1133 3834 ιι.
1154 3766 1231 3838 ιόο.

148 3882 234 3930 cum
255 3857 389 3957 troya,
405 3856 542 3931 hund.
561 3856 677 3931 Heur.
693 3858 804 3931 Dran.
819 3873 886 3932 etc.
905 3861 991 3976 quia
1008 3873 1097 3933 tunc
1112 3869 1233 3935 revera

147 3954 437 4047 consimulatur
452 3957 740 4041 Sacramentum.
758 3956 871 4038 Seciae
887 3956 1087 4047 dicendum
1101 4015 1111 4047 ,
1126 3964 1157 4034 si
1171 3961 1237 4035 Pa-

149 4054 287 4145 rochus
307 4058 468 4157 porrigat
493 4082 537 4131 ex
565 4057 807 4144 conventione
829 4056 988 4133 hostiam
1004 4083 1079 4133 nou
1106 4084 1238 4139 couse-

146 4168 288 4231 cratam
297 4152 368 4329 ,Tirt
386 4155 523 4329 ‹lopppt
540 4153 579 4241 S.
600 4153 669 4227 Th.
685 4152 762 4229 Sor.
780 4154 873 4231 tuor
890 4155 1003 4265 Vasp.
1021 4169 1060 4329 {t
1075 4158 1140 4245 alsi
1152 4184 1239 4239 curu
1256 4220 1259 4225 ,

327 4277 412 4329 om.
495 4308 506 4331 .
621 4322 625 4333 ,
996 4278 1017 4326 2
