2900 4675
305 318 366 388 128
497 319 570 389 Lib.
584 319 643 392 lV.
661 320 711 387 De
728 318 826 387 Praec.
840 311 1107 412 particularibus,
1123 337 1186 388 etc.
1259 375 1264 392 .

303 454 325 501 2
349 457 385 530 q.
409 430 458 508 68
476 446 545 505 ort.
569 459 599 507 r.
618 431 880 530 obligationem
895 459 972 506 esee
992 428 1375 506 accusandi-Crimina

302 546 425 602 autem
435 545 562 604 contra
572 530 713 604 bonum
728 557 927 604 commune
944 543 1031 604 sunt
1046 530 1209 617 haeresis,
1220 528 1372 620 rebellio,

304 626 509 701 falsificatio
527 644 783 718 monetarum,
803 629 1019 718 homicidia,
1039 643 1078 700 et·
1091 627 1190 702 furta
1206 625 1254 699 ab
1273 652 1375 698 assar-

304 723 423 811 ainie‘,
449 739 513 799 aut
535 729 679 800 viarum
698 726 985 826 grassatoribus:
1004 726 1158 800 Addunt
1176 723 1240 797 alii
1256 723 1376 798 subor·
1410 763 1417 780 ·

302 823 488 896 nationem
506 824 766 922 suffragiorum
783 826 822 897 in
839 825 1054 909 Cathedris‚
1073 826 1162 898 etin
1192 822 1272 894 aliis
1287 821 1374 930 quod

292 917 555 995 electionibus.
591 926 643 997 Et
678 922 776 1021 Lego
806 920 908 997 addit
944 937 1136 1023 peccatum
1178 917 1369 1017 Religioni,

300 1001 545 1119 probabilite‘r
557 1019 734 1104 damnum
752 1021 928 1119 Religioni
945 1021 1062 1094 affert.
1078 1021 1116 1093 Si
1138 1018 1228 1092 verd
1248 1022 1369 1090 crimen

302 1116 452 1217 probari
480 1123 661 1219 nequeat,
679 1119 834 1208 sufficit,
854 1135 895 1218 ut
925 1123 1019 1193 Reus
1052 1118 1310 1191 denuncietur.
1334 1116 1375 1188 Et

304 1217 552 1291 communiter
586 1217 756 1289 videntur
785 1219 863 1291 DD.
905 1216 1167 1301 concludere,
1198 1218 1285 1288 satia
1311 1237 1375 1287 esse

304 1311 406 1388 bisce
419 1313 650 1428 temporibus
667 1314 844 1391 delictum
863 1315 1100 1404 denunciari,
1119 1339 1172 1387 ne
1185 1314 1235 1386 ob
1252 1327 1373 1385 metum

177 1494 181 1500 ⁴
304 1437 422 1509 poenae
442 1413 674 1486 incurrendae
688 1470 697 1501 ,
710 1414 740 1486 si
759 1411 854 1485 illud
875 1441 950 1487 amn
968 1411 1167 1511 probetur,
1188 1415 1375 1484 deterrear·

303 1523 365 1584 tur
394 1509 563 1583 homines
592 1514 612 1583 a
639 1509 924 1586 denunciatione
955 1512 1153 1584 criminum
1175 1535 1262 1583 cum
1290 1507 1374 1608 graui

305 1606 441 1681 damno
472 1609 675 1681 communi.
705 1608 761 1682 Ita
785 1609 884 1708 Lago
910 1607 1248 1683 celerantes.
1269 1634 1281 1679 1
1300 1632 1333 1680 n.
1347 1630 1375 1677 ι.

299 1704 435 1780 donch.
454 1731 551 1780 conr.
571 1706 593 1788 l.
610 1706 679 1782 (ic.
695 1733 730 1780 2.
744 1703 793 1783 D.
810 1727 830 1780 α·
846 1731 882 1780 n.
901 1733 936 1782 a.
949 1707 1030 1804 Caj.
1047 1706 1123 1780 Sol.
1141 1704 1315 1779 Bann.T

287 1803 422 1904 *Wdat
443 1820 508 1879 etc.
529 1804 629 1918 apud
655 1803 765 1879 Salar.
788 1806 825 1877 d.
854 1832 886 1879 c.
904 1832 980 1882 an.
1006 1831 1057 1881 ro.
1074 1805 1124 1904 Et
1139 1806 1194 1877 sic
1213 1803 1325 1889 serti,
1340 1825 1375 1873 ac

304 1900 372 1975 lilii
398 1901 624 1977 denunciare
650 1917 824 1982 tenentur
850 1904 960 1976 etiarn
988 1901 1125 1976 delicta
1154 1901 1317 1988 domini,
1344 1909 1375 1969 et

304 2003 417 2114 patria
441 2002 480 2073 in
501 2027 698 2075 commune
724 1991 988 2075 detrimentum
1003 2003 1206 2101 vergentia,
1224 1999 1266 2071 tn
1281 1997 1375 2071 Satn.

301 2098 386 2170 ibid.
404 2123 481 2173 cum
496 2099 651 2188 eisdem.
677 2100 715 2173 si
742 2098 828 2174 verb
858 2102 996 2173 crimen
1022 2105 1095 2197 jam
1113 2098 1161 2175 ait
1182 2111 1374 2197 patratum,

304 2221 373 2268 nec
393 2194 515 2270 ullum
544 2196 722 2271 damnum
752 2197 884 2271 exinde
915 2199 1134 2284 immineat,
1155 2196 1242 2298 qnia
1266 2192 1374 2268 delin-

305 2307 478 2394 quentem
495 2298 568 2395 jam
587 2308 731 2369 constat
754 2322 831 2370 ease
853 2295 1070 2370 damnatum
1085 2354 1097 2381 ,
1115 2301 1131 2380 t
1144 2310 1297 2396 excepto
1312 2289 1372 2365 cri·

303 2395 403 2467 mine
417 2392 562 2467 haeresis
575 2395 588 2485 )
601 2419 678 2467 non
694 2409 750 2469 est
766 2395 940 2494 obligatio
958 2393 1210 2469 denunciandi
1227 2452 1236 2485 ,
1254 2393 1295 2468 tu
1307 2387 1371 2461 Tol.

303 2491 380 2561 Fr'll
403 2506 468 2563 etc.
489 2491 586 2585 apud
599 2492 709 2567 Salm.
730 2519 766 2566 n.
789 2519 848 2566 rt.

351 2587 396 2661 Il.
426 2589 615 2687 Tenemur
645 2587 870 2665 denunciare
899 2588 1105 2677 delictum,
1135 2593 1166 2665 si
1200 2587 1371 2663 immineat

303 2712 410 2786 grave
427 2686 604 2763 domitum
624 2688 823 2764 innocenti.
843 2689 1086 2783 Quodautern
1099 2704 1187 2763 tunc
1200 2703 1372 2761 teneamur

303 2787 412 2858 etilm
427 2787 543 2859 Reum
562 2813 733 2863 accusare
749 2843 759 2875 ,
783 2790 811 2879 si
832 2788 970 2861 crimen
989 2786 1144 2888 probare
1165 2803 1372 2888 possumus·

303 2882 346 2956 itt
357 2881 488 2965 dicunt
506 2884 583 2956 Tol.
597 2883 672 2969 Sor.
689 2903 754 2961 etc.
770 2886 871 2986 apud
885 2885 994 2961 Snlm.
1008 2913 1045 2959 n.
1070 2912 1125 2958 ια.
1144 2884 1217 2960 hoc
1230 2873 1373 2967 dillicul·

302 2980 530 3055 teraccidere
544 3004 647 3085 posse
658 3010 803 3070 censeo,
818 2983 903 3057 ciam
915 2987 990 3058 haec
1001 2983 1176 3083 obligatio
1186 2986 1233 3058 sit
1244 2976 1373 3056 tantum

305 3105 348 3153 ex
365 3081 564 3170 charitate,
583 3106 667 3182 quae
681 3108 754 3155 non
768 3080 905 3179 obligat
920 3087 1006 3154 cum'
1015 3083 1116 3178 gravi
1127 3075 1369 3156 incommodo:

304 3179 816 3252 enimaccusantesordinarit
828 3181 899 3254 hoc
910 3177 1288 3266 subiresulent3tantb
1304 3197 1371 3244 ma·

305 3276 381 3379 gie,
402 3279 431 3349 ai
462 3276 723 3363 denunciatio,
746 3280 880 3380 pariter
901 3304 942 3350 ac
975 3280 1187 3363 accusatio,
1208 3277 1371 3349 damnum

305 3376 390 3461 satis
415 3373 595 3479 impedire
623 3391 757 3475 potest.
790 3376 1023 3461 Intacta,
1055 3375 1158 3476 quod
1184 3400 1252 3449 nec
1277 3371 1372 3442 etttm

287 3545 292 3555 ,
306 3472 531 3568 denunciare
543 3489 730 3548 teneretur
740 3476 782 3564 is,
792 3477 868 3573 qui,
880 3500 975 3547 neex
985 3474 1268 3547 denunciatione
1282 3483 1372 3567 grave

302 3570 1371 3672 incommodumsubiret,prudentertimeret3nisicommu·

303 3696 351 3744 ne
370 3670 548 3745 damnum
571 3671 789 3755 immineret.

353 3771 416 3844 Ill.
439 3770 631 3842 Tenentur
654 3770 794 3843 crimen
824 3769 1068 3859 denunciare,
1097 3767 1154 3841 vel
1185 3782 1369 3842 accusare·

306 3869 371 3966 qui
388 3864 436 3940 ad
453 3869 492 3939 id
507 3873 527 3941 a
548 3868 595 3941 lle
628 3920 636 3936 .
658 3868 716 3940 vel
732 3874 750 3940 t
769 3869 936 3943 Dominio
954 3868 1183 3968 stipendium
1199 3862 1370 3961 accipiunt

305 3963 349 4037 iat
376 3980 463 4039 sunt
487 3894 671 4055 Fiscalies,
702 3981 765 4040 aut
792 3969 963 4043 custodes
992 3976 1195 4069 tignorum,
1225 3952 1371 4063 gabellt·

306 4088 408 4153 rum,
425 4077 492 4153 etc.
507 4061 606 4139 Aliae
618 4077 791 4136 tenentur
806 4064 852 4136 ad
868 4064 1139 4138 restitutionem
1153 4063 1370 4136 damnorum.

303 4187 389 4271 gnte
412 4161 512 4262 Rrip.
534 4160 591 4239 vel
611 4161 779 4239 Dominis
811 4162 858 4235 ob
883 4163 1120 4243 omissionem
1145 4146 1370 4234 accusationis
