2900 4675
278 273 361 370 cap.
378 267 427 344 11.⁷
437 223 584 345 ochsn.
602 277 652 345 De
668 277 763 345 Horis
778 243 961 347 Canonicisi
1123 295 1164 368 71

22 441 24 448 ν
98 375 183 463 esset
199 389 264 463 illa
287 416 385 464 mera
408 367 563 489 prolatio
593 389 790 463 verborum
806 416 815 472 3
832 389 918 461 licet
935 389 1034 462 enirn
1052 391 1167 489 possit

22 4292 24 4363 i

97 488 229 561 efficere
258 489 376 579 Deus,
407 488 508 588 qnod
538 513 595 560 res
620 514 695 561 nou
717 503 801 585 apta
816 489 862 560 ad
882 487 1167 586 producendum

96 586 247 686 aliquem
264 587 456 670 effectura,
473 585 570 658 iilud
594 588 797 685 producat,
818 613 891 659 non
910 603 1027 685 potest
1041 601 1167 660 tamen

96 679 253 775 efficere,
273 685 375 785 quod
395 687 441 757 sit
463 684 686 767 craticius,
707 712 788 785 quae
805 711 879 757 non
896 700 951 758 cst
965 687 1090 758 oratio.

137 783 200 880 His
226 799 349 856 tamen
378 810 452 857 non
477 782 726 866 obstantibus,
746 785 864 883 prima
883 786 1062 856 sententia
1083 809 1169 882 pro·

98 878 244 954 bubiiior
254 883 419 969 videtur,
436 882 565 954 saitem
581 882 629 954 ob
642 886 896 954 auctoritatem
911 884 1167 972 extrinsecam,

101 980 294 1054 et'omninb
322 980 360 1053 tu
378 982 493 1053 tutior
517 980 742 1052 consulenda
757 1005 765 1070 ;
780 980 852 1054 Sed
866 980 1069 1055 secundam
1089 996 1169 1052 tum

104 1076 352 1152 obDoctorum
371 1081 623 1153 auctoritatem
639 1139 647 1162 ,
663 1103 747 1179 qnae
764 1103 839 1151 non
859 1092 913 1151 est
930 1093 1170 1151 contemnen-

107 1171 151 1260 da,
164 1190 246 1250 tum
263 1177 313 1248 ob
328 1177 485 1250 rationes
502 1203 576 1250 non
591 1178 731 1251 levibus
745 1176 995 1267 fundamentis
1008 1177 1169 1266 innixas,

101 1267 172 1347 istis
199 1275 409 1375 probabilis
431 1291 603 1376 apparet3
628 1276 759 1356 saltem
779 1276 864 1378 quia
897 1299 972 1347 non
1003 1288 1147 1347 constat
1160 1331 1176 1365 ,

100 1372 210 1446 adesse
239 1389 472 1475 preceptum
498 1376 545 1446 de
574 1377 774 1447 attentione
800 1377 956 1452 interna·
972 1375 1011 1448 in
1036 1374 1172 1446 recita-

96 1471 184 1544 tione
196 1473 327 1546 Divini
344 1472 477 1546 Officii.
496 1472 607 1552 Unde
623 1499 699 1545 non
714 1473 892 1545 auderem
911 1474 956 1545 od
976 1473 1173 1545 restitutio·

94 1592 170 1642 nem
190 1571 369 1644 damnare
390 1571 690 1660 Beneficiarium,
738 1573 773 1644 ui
793 1569 980 1644 bonafide
999 1570 1172 1644 Officium

94 1669 272 1743 recitdsset
297 1691 381 1741 cum
408 1668 643 1742 distractione
669 1598 897 1753 voiuntaria,
917 1685 953 1743 et
979 1670 1076 1741 bond
1098 1669 1171 1741 fide

94 1770 220 1865 pariter
252 1767 397 1842 fructus
429 1770 681 1867 percepisset,
709 1768 822 1868 proiit
853 1767 900 1840 ab
928 1793 968 1839 ea
997 1781 1173 1840 excusant

95 1865 193 1935 Graiu
217 1867 240 1936 l.
263 1867 340 1959 dn.
364 1867 467 1939 rard.
499 1881 535 1937 et
558 1891 617 1962 up.
647 1867 761 1962 inrum
785 1865 890 1937 Sotus
906 1921 915 1951 ,
932 1866 1042 1938 Tolcr.
1059 1867 1171 1939 Az'or.

93 1959 134 2034 B.
155 1963 254 2035 Med.
279 1963 419 2036 Gurciu.
440 1962 563 2036 Gobut.
579 1980 642 2036 etc.
661 1964 757 2036 Vide
778 1964 874 2035 dicta
897 1966 920 2036 l.
937 1966 1008 2038 312.
1023 1961 1109 2060 669.
1159 1995 1163 2000 ·
1218 1963 1222 1972 ’

137 2060 320 2135 Caeterum
338 2062 385 2133 od
397 2062 593 2161 scrupulos
614 2062 865 2161 abjiciendos,
882 2076 919 2134 et
939 2061 987 2134 ad
1007 2061 1173 2134 animum

93 2156 287 2234 levandum
303 2160 421 2233 Horas
436 2162 670 2235 recitantium
685 2218 693 2250 ,
711 2161 817 2235 valde
834 2161 945 2233 refert
960 2159 1022 2233 hic
1042 2158 1174 2232 adver-

93 2270 163 2330 tere
177 2259 235 2351 id,
252 2259 354 2361 quod
365 2260 611 2334 communiter
624 2260 701 2334 DD.
712 2260 834 2333 adhuc
843 2260 972 2362 primae
986 2259 1176 2345 sententia

89 2355 246 2432 fautores
265 2359 419 2446 docent,
435 2359 581 2459 nempe,
594 2359 708 2460 quod,
726 2359 768 2432 iit
783 2359 927 2432 dicatur
940 2358 1073 2456 aliquis
1086 2356 1176 2431 Offi-

97 2456 149 2527 cio
163 2482 241 2530 non
258 2457 484 2547 satisfacere,
501 2482 581 2533 non
593 2458 715 2532 scium
733 2459 965 2556 requiratur,
983 2456 1025 2529 ist
1042 2457 1178 2528 volun»

95 2555 177 2628 urit
200 2555 452 2657 distrahatur,
473 2558 537 2629 sed
564 2558 675 2630 etium
713 2570 755 2629 ut
778 2556 889 2657 plene
916 2556 1106 2641 advertat,
1137 2578 1177 2626 se

96 2649 270 2741 distrahi;
295 2681 382 2727 nam
414 2645 503 2729 alias
525 2658 630 2743 iste,
659 2655 748 2728 iicet
769 2653 900 2755 sponte
927 2679 965 2728 se
993 2648 1176 2741 divertat,

97 2773 165 2825 uon
180 2769 307 2827 tamen
328 2751 462 2854 sponte
475 2768 513 2828 se
529 2754 677 2828 divertit
694 2760 714 2828 t
735 2756 957 2853 recitatione.
973 2744 1027 2826 Ita
1040 2746 1176 2824 Suuch.

96 2874 123 2922 c.
148 2877 159 2924 ι
182 2851 268 2927 dub.
296 2852 343 2928 28
371 2876 408 2924 n.
437 2877 490 2925 ro.
516 2870 553 2925 et
579 2880 635 2927 rr.
664 2879 742 2926 cunr
759 2852 859 2924 Suar.
889 2852 984 2924 Nau.
1009 2849 1124 2936 Sota,
1144 2865 1181 2921 et

95 2948 190 3023 Arm.
208 2949 317 3024 Coae.
333 2976 370 3043 p.
387 2950 471 3044 451.
489 2950 599 3023 Cror‘x
614 2950 638 3025 l.
669 2953 746 3045 4η.
768 2948 873 3044 ι346.
893 2975 971 3021 cum
991 2950 1066 3023 Iti'll.
1085 2946 1177 3023 Gub.

98 3062 131 3119 et
144 3046 254 3120 Sclm.
271 3070 303 3119 e.
321 3049 397 3122 311.
417 3050 478 3142 da.
492 3049 651 3142 etCajet.
669 3051 813 3121 Summa
831 3076 863 3119 ν.
882 3048 984 3120 Horu
1000 3098 1009 3135 ,
1027 3047 1091 3121 ubi
1106 3048 1176 3120 aits

95 3139 400 3245 Siquis'advertir,
414 3147 619 3246 recogitare
636 3163 831 3236 extranea,
848 3144 915 3219 sed
928 3161 998 3216 non
1017 3143 1188 3230 advertit.

96 3246 187 3341 quod
197 3244 245 3317 ab
263 3244 294 3317 0
329 3244 384 3317 cio
405 3244 536 3347 Divino
560 3245 796 3327 distraham
811 3244 972 3345 quamvis
990 3243 1178 3315 voluntarii

96 3341 152 3417 ild
167 3342 295 3439 medita
332 3340 369 3427 r,
386 3367 461 3415 non
482 3360 602 3416 tamen
624 3343 814 3417 nebularii?
828 3343 874 3414 db
893 3343 1015 3435 Officio
1035 3340 1178 3413 animus

96 3436 306 3515 attrabatur,
330 3441 433 3517 Bene
455 3442 557 3515 enirn
593 3443 643 3515 ait
662 3440 784 3516 'concss
800 3496 810 3531 ,
829 3442 894 3516 has
919 3439 1177 3514 distractiones

98 3560 169 3612 esse
201 3536 414 3614 horninibus
432 3536 666 3641 impossibiie
689 3565 822 3616 omnes
850 3542 987 3626 vitare,
1016 3532 1178 3609 maxime

99 3636 283 3726 studiosis,
302 3640 389 3740 quia
409 3638 626 3739 hujusmodi
654 3640 824 3713 exercitia
843 3655 930 3715 sunt
946 3633 1177 3720 intellectis,

101 3736 181 3834 qui,
200 3735 285 3810 cium
303 3740 353 3811 sit
371 3739 572 3825 necessaria
588 3738 763 3826 facultas,
776 3764 820 3810 ex
840 3735 996 3810 assiduis
1015 3758 1179 3833 occupat·

99 3834 257 3909 tionibus
277 3836 327 3909 in
349 3835 570 3927 inflectitur,
594 3835 637 3910 iit
655 3836 766 3911 veluti
795 3835 1001 3908 calcaribus
1026 3832 1180 3930 adjectis

101 3928 137 4004 in
154 3959 237 4007 suas
258 3937 525 4009 controversias
549 3934 758 4033 abjiciatur.
785 3936 884 4008 Hinc
901 3946 1032 4007 notant
1046 3928 1180 4002 Sauch.

102 4053 135 4102 n.
160 4033 211 4107 13.
228 4031 341 4105 Sulm.
367 4059 405 4106 ιι.
431 4034 478 4127 43
493 4059 573 4108 cum
587 4034 685 4109 Nur.
706 4033 819 4131 Cujet.
839 4049 877 4104 et
890 4029 999 4104 croix
1013 4057 1052 4104 ιι.
1076 4026 1180 4121 1346.

105 4140 138 4201 et
155 4128 214 4207 aiii
227 4131 496 4223 communiter,
514 4131 641 4233 quod,
666 4133 699 4207 si
717 4132 801 4234 duis
813 4128 1033 4221 adrerum,
1052 4128 1183 4211 sedis-
1199 4130 1221 4219 ‚³
