<?xml version="1.0" encoding="UTF-8"?>
<!DOCTYPE html PUBLIC "-//W3C//DTD XHTML 1.0 Transitional//EN"
    "http://www.w3.org/TR/xhtml1/DTD/xhtml1-transitional.dtd">
<html xmlns="http://www.w3.org/1999/xhtml" xml:lang="en" lang="en">
 <head>
  <title>
</title>
<meta http-equiv="Content-Type" content="text/html;charset=utf-8" />
  <meta name='ocr-system' content='tesseract 3.04.00' />
  <meta name='ocr-capabilities' content='ocr_page ocr_carea ocr_par ocr_line ocrx_word'/>
</head>
<body>
  <div class='ocr_page' id='page_1' title='image "./theologiamorali06ligugoog_0208.png"; bbox 0 0 2900 4675; ppageno 0'>
   <div class='ocr_carea' id='block_1_1' title="bbox 269 229 1179 329">
    <p class='ocr_par' dir='ltr' id='par_1_1' title="bbox 269 229 1179 329">
     <span class='ocr_line' id='line_1_1' title="bbox 269 229 1179 329; baseline -0.004 -17"><span class='ocrx_word' id='word_1_1' title='bbox 269 253 335 320; x_wconf 65' lang='grc' dir='ltr'><strong>ὀὐ</strong></span> <span class='ocrx_word' id='word_1_2' title='bbox 452 237 525 310; x_wconf 81' lang='lat' dir='ltr'><strong>Lib.</strong></span> <span class='ocrx_word' id='word_1_3' title='bbox 544 238 589 312; x_wconf 74' lang='lat' dir='ltr'><strong>V.</strong></span> <span class='ocrx_word' id='word_1_4' title='bbox 605 238 656 309; x_wconf 85' lang='lat' dir='ltr'><strong>De</strong></span> <span class='ocrx_word' id='word_1_5' title='bbox 673 229 807 310; x_wconf 58' lang='lat' dir='ltr'><strong>&#39;Actsssus</strong></span> <span class='ocrx_word' id='word_1_6' title='bbox 824 239 981 308; x_wconf 80' lang='lat' dir='ltr'><strong>Humanis</strong></span> <span class='ocrx_word' id='word_1_7' title='bbox 993 239 1032 308; x_wconf 88' lang='lat' dir='ltr'><strong>in</strong></span> <span class='ocrx_word' id='word_1_8' title='bbox 1050 262 1179 329; x_wconf 78' lang='lat' dir='ltr'>genere.</span> 
     </span>
    </p>
   </div>
   <div class='ocr_carea' id='block_1_2' title="bbox 149 335 1368 2020">
    <p class='ocr_par' dir='ltr' id='par_1_2' title="bbox 149 335 1365 1337">
     <span class='ocr_line' id='line_1_2' title="bbox 264 335 1359 456; baseline -0.006 -26"><span class='ocrx_word' id='word_1_9' title='bbox 264 335 382 432; x_wconf 79' lang='lat' dir='ltr'><strong>liabet</strong></span> <span class='ocrx_word' id='word_1_10' title='bbox 407 353 596 455; x_wconf 76' lang='lat' dir='ltr'><strong>duplicem</strong></span> <span class='ocrx_word' id='word_1_11' title='bbox 622 355 789 456; x_wconf 31' lang='lat' dir='ltr'><strong>‚speciem</strong></span> <span class='ocrx_word' id='word_1_12' title='bbox 823 353 1002 428; x_wconf 86' lang='lat' dir='ltr'><strong>Bonitatis</strong></span> <span class='ocrx_word' id='word_1_13' title='bbox 1031 350 1209 438; x_wconf 87' lang='lat' dir='ltr'><strong>moralis,</strong></span> <span class='ocrx_word' id='word_1_14' title='bbox 1231 348 1274 425; x_wconf 82' lang='lat' dir='ltr'><strong>iat</strong></span> <span class='ocrx_word' id='word_1_15' title='bbox 1304 364 1359 424; x_wconf 84' lang='lat' dir='ltr'><strong>ost</strong></span> 
     </span>
     <span class='ocr_line' id='line_1_3' title="bbox 266 451 1358 553; baseline -0.001 -28"><span class='ocrx_word' id='word_1_16' title='bbox 266 451 357 528; x_wconf 89' lang='lat' dir='ltr'><strong>darc</strong></span> <span class='ocrx_word' id='word_1_17' title='bbox 394 453 664 553; x_wconf 68' lang='lat' dir='ltr'><strong>eleemosynam</strong></span> <span class='ocrx_word' id='word_1_18' title='bbox 701 453 741 526; x_wconf 91' lang='lat' dir='ltr'><strong>in</strong></span> <span class='ocrx_word' id='word_1_19' title='bbox 780 451 1064 525; x_wconf 79' lang='lat' dir='ltr'><strong>satisfactionem</strong></span> <span class='ocrx_word' id='word_1_20' title='bbox 1103 464 1358 552; x_wconf 84' lang='lat' dir='ltr'><strong>peccatorum.</strong></span> 
     </span>
     <span class='ocr_line' id='line_1_4' title="bbox 269 546 1359 652; baseline -0.006 -27"><span class='ocrx_word' id='word_1_21' title='bbox 269 550 306 625; x_wconf 84' lang='lat' dir='ltr'><strong>S.</strong></span> <span class='ocrx_word' id='word_1_22' title='bbox 320 551 454 627; x_wconf 90' lang='lat' dir='ltr'><strong>Thom.</strong></span> <span class='ocrx_word' id='word_1_23' title='bbox 470 578 533 652; x_wconf 87' lang='lat' dir='ltr'><strong>qu.</strong></span> <span class='ocrx_word' id='word_1_24' title='bbox 553 556 606 626; x_wconf 88' lang='grc'><strong>18.</strong></span> <span class='ocrx_word' id='word_1_25' title='bbox 620 578 672 625; x_wconf 86' lang='lat' dir='ltr'><strong>ar.</strong></span> <span class='ocrx_word' id='word_1_26' title='bbox 688 552 727 645; x_wconf 70' lang='lat' dir='ltr'><strong>d,</strong></span> <span class='ocrx_word' id='word_1_27' title='bbox 742 549 785 640; x_wconf 88' lang='grc'><strong>6,</strong></span> <span class='ocrx_word' id='word_1_28' title='bbox 798 565 868 650; x_wconf 80' lang='lat' dir='ltr'><strong>ct7</strong></span> <span class='ocrx_word' id='word_1_29' title='bbox 885 577 971 634; x_wconf 88' lang='lat' dir='ltr'><strong>cum</strong></span> <span class='ocrx_word' id='word_1_30' title='bbox 989 552 1177 623; x_wconf 90' lang='lat' dir='ltr'><strong>communi</strong></span> <span class='ocrx_word' id='word_1_31' title='bbox 1194 546 1359 622; x_wconf 88' lang='lat' dir='ltr'><strong>Theolo-</strong></span> 
     </span>
     <span class='ocr_line' id='line_1_5' title="bbox 149 645 1360 764; baseline -0.002 -42"><span class='ocrx_word' id='word_1_32' title='bbox 149 681 154 688; x_wconf 82' lang='grc'><strong><em>·</em></strong></span> <span class='ocrx_word' id='word_1_33' title='bbox 268 676 431 764; x_wconf 66' lang='lat' dir='ltr'><strong>gerum,</strong></span> <span class='ocrx_word' id='word_1_34' title='bbox 461 675 537 724; x_wconf 90' lang='lat' dir='ltr'><strong>uno</strong></span> <span class='ocrx_word' id='word_1_35' title='bbox 552 662 704 750; x_wconf 87' lang='lat' dir='ltr'><strong>excepto</strong></span> <span class='ocrx_word' id='word_1_36' title='bbox 729 648 965 748; x_wconf 82' lang='lat' dir='ltr'><strong>Vosquea.Si</strong></span> <span class='ocrx_word' id='word_1_37' title='bbox 982 647 1068 722; x_wconf 81' lang='lat' dir='ltr'><strong>rard</strong></span> <span class='ocrx_word' id='word_1_38' title='bbox 1093 647 1283 746; x_wconf 76' lang='lat' dir='ltr'><strong>objectum</strong></span> <span class='ocrx_word' id='word_1_39' title='bbox 1313 645 1360 719; x_wconf 88' lang='lat' dir='ltr'><strong>sit</strong></span> 
     </span>
     <span class='ocr_line' id='line_1_6' title="bbox 267 742 1359 835; baseline -0.007 -13"><span class='ocrx_word' id='word_1_40' title='bbox 267 748 513 835; x_wconf 78' lang='lat' dir='ltr'><strong>indifferens,</strong></span> <span class='ocrx_word' id='word_1_41' title='bbox 538 761 627 821; x_wconf 90' lang='lat' dir='ltr'><strong>tunc</strong></span> <span class='ocrx_word' id='word_1_42' title='bbox 656 747 739 821; x_wconf 86' lang='lat' dir='ltr'><strong>finis</strong></span> <span class='ocrx_word' id='word_1_43' title='bbox 763 745 886 821; x_wconf 87' lang='lat' dir='ltr'><strong>bonus</strong></span> <span class='ocrx_word' id='word_1_44' title='bbox 908 745 995 821; x_wconf 87' lang='lat' dir='ltr'><strong>facit</strong></span> <span class='ocrx_word' id='word_1_45' title='bbox 1015 761 1141 821; x_wconf 88' lang='lat' dir='ltr'><strong>actum</strong></span> <span class='ocrx_word' id='word_1_46' title='bbox 1168 742 1359 817; x_wconf 82' lang='lat' dir='ltr'><strong>moraliter</strong></span> 
     </span>
     <span class='ocr_line' id='line_1_7' title="bbox 267 840 1358 945; baseline -0.005 -26"><span class='ocrx_word' id='word_1_47' title='bbox 267 843 437 945; x_wconf 82' lang='lat' dir='ltr'><strong>bonum,</strong></span> <span class='ocrx_word' id='word_1_48' title='bbox 463 845 505 920; x_wconf 81' lang='lat' dir='ltr'><strong>tn</strong></span> <span class='ocrx_word' id='word_1_49' title='bbox 519 861 574 921; x_wconf 89' lang='lat' dir='ltr'><strong>est</strong></span> <span class='ocrx_word' id='word_1_50' title='bbox 600 844 791 920; x_wconf 89' lang='lat' dir='ltr'><strong>ambulare</strong></span> <span class='ocrx_word' id='word_1_51' title='bbox 805 871 850 918; x_wconf 83' lang='lat' dir='ltr'><strong>ex</strong></span> <span class='ocrx_word' id='word_1_52' title='bbox 875 843 1109 919; x_wconf 85' lang='lat' dir='ltr'><strong>obedientia:</strong></span> <span class='ocrx_word' id='word_1_53' title='bbox 1129 845 1213 929; x_wconf 85' lang='lat' dir='ltr'><strong>finis</strong></span> <span class='ocrx_word' id='word_1_54' title='bbox 1239 840 1358 915; x_wconf 86' lang='lat' dir='ltr'><strong>malus</strong></span> 
     </span>
     <span class='ocr_line' id='line_1_8' title="bbox 266 940 1358 1034; baseline -0.006 -16"><span class='ocrx_word' id='word_1_55' title='bbox 266 943 357 1018; x_wconf 84' lang='lat' dir='ltr'><strong>&#39;facit</strong></span> <span class='ocrx_word' id='word_1_56' title='bbox 370 944 526 1034; x_wconf 91' lang='lat' dir='ltr'><strong>malum,</strong></span> <span class='ocrx_word' id='word_1_57' title='bbox 542 943 584 1018; x_wconf 78' lang='lat' dir='ltr'><strong>iat</strong></span> <span class='ocrx_word' id='word_1_58' title='bbox 598 943 788 1024; x_wconf 88' lang='lat' dir='ltr'><strong>ambulare</strong></span> <span class='ocrx_word' id='word_1_59' title='bbox 800 943 847 1020; x_wconf 86' lang='lat' dir='ltr'><strong>ad</strong></span> <span class='ocrx_word' id='word_1_60' title='bbox 858 944 1104 1017; x_wconf 81' lang='lat' dir='ltr'><strong>ostensionem</strong></span> <span class='ocrx_word' id='word_1_61' title='bbox 1118 941 1240 1016; x_wconf 78' lang='lat' dir='ltr'><strong>luxus.</strong></span> <span class='ocrx_word' id='word_1_62' title='bbox 1255 940 1358 1014; x_wconf 80' lang='lat' dir='ltr'><strong>Finis</strong></span> 
     </span>
     <span class='ocr_line' id='line_1_9' title="bbox 268 1037 1361 1142; baseline -0.005 -28"><span class='ocrx_word' id='word_1_63' title='bbox 268 1041 389 1115; x_wconf 89' lang='lat' dir='ltr'><strong>malus</strong></span> <span class='ocrx_word' id='word_1_64' title='bbox 416 1043 504 1116; x_wconf 85' lang='lat' dir='ltr'><strong>facit</strong></span> <span class='ocrx_word' id='word_1_65' title='bbox 530 1055 653 1118; x_wconf 85' lang='lat' dir='ltr'><strong>ectum</strong></span> <span class='ocrx_word' id='word_1_66' title='bbox 682 1068 727 1116; x_wconf 78' lang='lat' dir='ltr'><strong>ex</strong></span> <span class='ocrx_word' id='word_1_67' title='bbox 752 1040 850 1116; x_wconf 87' lang='lat' dir='ltr'><strong>malo</strong></span> <span class='ocrx_word' id='word_1_68' title='bbox 873 1047 1065 1142; x_wconf 81' lang='lat' dir='ltr'><strong>pejorem.</strong></span> <span class='ocrx_word' id='word_1_69' title='bbox 1093 1040 1135 1115; x_wconf 78' lang='lat' dir='ltr'><strong>iat</strong></span> <span class='ocrx_word' id='word_1_70' title='bbox 1161 1039 1278 1112; x_wconf 88' lang='lat' dir='ltr'><strong>furari</strong></span> <span class='ocrx_word' id='word_1_71' title='bbox 1315 1037 1361 1110; x_wconf 89' lang='lat' dir='ltr'><strong>ad</strong></span> 
     </span>
     <span class='ocr_line' id='line_1_10' title="bbox 270 1134 1365 1230; baseline -0.004 -18"><span class='ocrx_word' id='word_1_72' title='bbox 270 1139 517 1214; x_wconf 80' lang='lat' dir='ltr'><strong>concubinam</strong></span> <span class='ocrx_word' id='word_1_73' title='bbox 544 1139 739 1230; x_wconf 87' lang='lat' dir='ltr'><strong>alendam;</strong></span> <span class='ocrx_word' id='word_1_74' title='bbox 765 1155 804 1212; x_wconf 91' lang='lat' dir='ltr'><strong>et</strong></span> <span class='ocrx_word' id='word_1_75' title='bbox 829 1138 916 1214; x_wconf 88' lang='lat' dir='ltr'><strong>facit</strong></span> <span class='ocrx_word' id='word_1_76' title='bbox 937 1166 980 1215; x_wconf 84' lang='lat' dir='ltr'><strong>ex</strong></span> <span class='ocrx_word' id='word_1_77' title='bbox 996 1140 1098 1230; x_wconf 81' lang='lat' dir='ltr'><strong>bono</strong></span> <span class='ocrx_word' id='word_1_78' title='bbox 1126 1136 1270 1212; x_wconf 88' lang='lat' dir='ltr'><strong>malum</strong></span> <span class='ocrx_word' id='word_1_79' title='bbox 1293 1134 1365 1225; x_wconf 83' lang='lat' dir='ltr'><strong>,ist</strong></span> 
     </span>
     <span class='ocr_line' id='line_1_11' title="bbox 270 1236 1040 1337; baseline -0.001 -27"><span class='ocrx_word' id='word_1_80' title='bbox 270 1236 542 1337; x_wconf 70' lang='lat' dir='ltr'><strong>eleemosynam</strong></span> <span class='ocrx_word' id='word_1_81' title='bbox 562 1237 649 1312; x_wconf 85' lang='lat' dir='ltr'><strong>dare</strong></span> <span class='ocrx_word' id='word_1_82' title='bbox 662 1237 709 1312; x_wconf 89' lang='lat' dir='ltr'><strong>ad</strong></span> <span class='ocrx_word' id='word_1_83' title='bbox 728 1263 862 1312; x_wconf 87' lang='lat' dir='ltr'><strong>vanam</strong></span> <span class='ocrx_word' id='word_1_84' title='bbox 874 1238 1040 1336; x_wconf 79' lang='lat' dir='ltr'><strong>gloriam.</strong></span> 
     </span>
    </p>

    <p class='ocr_par' dir='ltr' id='par_1_3' title="bbox 260 1327 1368 2020">
     <span class='ocr_line' id='line_1_12' title="bbox 319 1327 1363 1438; baseline -0.011 -24"><span class='ocrx_word' id='word_1_85' title='bbox 319 1336 492 1414; x_wconf 81' lang='lat' dir='ltr'><strong>XXXIX.</strong></span> <span class='ocrx_word' id='word_1_86' title='bbox 517 1336 684 1410; x_wconf 89' lang='lat' dir='ltr'><strong>Tertium</strong></span> <span class='ocrx_word' id='word_1_87' title='bbox 699 1335 918 1426; x_wconf 82' lang='lat' dir='ltr'><strong>Moralitatis</strong></span> <span class='ocrx_word' id='word_1_88' title='bbox 930 1337 1156 1438; x_wconf 84' lang='lat' dir='ltr'><strong>principium</strong></span> <span class='ocrx_word' id='word_1_89' title='bbox 1168 1346 1257 1405; x_wconf 89' lang='lat' dir='ltr'><strong>sunt</strong></span> <span class='ocrx_word' id='word_1_90' title='bbox 1282 1327 1363 1404; x_wconf 75' lang='lat' dir='ltr'><strong>Cir-</strong></span> 
     </span>
     <span class='ocr_line' id='line_1_13' title="bbox 269 1431 1364 1534; baseline -0.005 -26"><span class='ocrx_word' id='word_1_91' title='bbox 269 1433 509 1522; x_wconf 69' lang='lat' dir='ltr'><strong>comessatio,</strong></span> <span class='ocrx_word' id='word_1_92' title='bbox 526 1461 608 1534; x_wconf 84' lang='lat' dir='ltr'><strong>quae</strong></span> <span class='ocrx_word' id='word_1_93' title='bbox 628 1434 715 1509; x_wconf 84' lang='lat' dir='ltr'><strong>dare</strong></span> <span class='ocrx_word' id='word_1_94' title='bbox 734 1434 854 1508; x_wconf 80' lang='lat' dir='ltr'><strong>solent</strong></span> <span class='ocrx_word' id='word_1_95' title='bbox 873 1436 970 1507; x_wconf 88' lang='lat' dir='ltr'><strong>actui</strong></span> <span class='ocrx_word' id='word_1_96' title='bbox 997 1435 1105 1506; x_wconf 86' lang='lat' dir='ltr'><strong>aliam</strong></span> <span class='ocrx_word' id='word_1_97' title='bbox 1129 1431 1364 1515; x_wconf 87' lang='lat' dir='ltr'><strong>bonitatem,</strong></span> 
     </span>
     <span class='ocr_line' id='line_1_14' title="bbox 270 1529 1365 1632; baseline -0.003 -29"><span class='ocrx_word' id='word_1_98' title='bbox 270 1531 328 1603; x_wconf 82' lang='lat' dir='ltr'><strong>rel</strong></span> <span class='ocrx_word' id='word_1_99' title='bbox 345 1531 522 1604; x_wconf 88' lang='lat' dir='ltr'><strong>malitiam</strong></span> <span class='ocrx_word' id='word_1_100' title='bbox 543 1531 834 1624; x_wconf 85' lang='lat' dir='ltr'><strong>accidentalem,</strong></span> <span class='ocrx_word' id='word_1_101' title='bbox 852 1534 939 1632; x_wconf 90' lang='lat' dir='ltr'><strong>quia</strong></span> <span class='ocrx_word' id='word_1_102' title='bbox 959 1529 1175 1631; x_wconf 69' lang='lat' dir='ltr'><strong>hujusmodi</strong></span> <span class='ocrx_word' id='word_1_103' title='bbox 1187 1529 1365 1614; x_wconf 81' lang='lat' dir='ltr'><strong>bonitas,</strong></span> 
     </span>
     <span class='ocr_line' id='line_1_15' title="bbox 271 1628 1365 1732; baseline -0.002 -33"><span class='ocrx_word' id='word_1_104' title='bbox 271 1628 329 1701; x_wconf 85' lang='lat' dir='ltr'><strong>vel</strong></span> <span class='ocrx_word' id='word_1_105' title='bbox 348 1629 486 1703; x_wconf 86' lang='lat' dir='ltr'><strong>malitia</strong></span> <span class='ocrx_word' id='word_1_106' title='bbox 502 1633 713 1732; x_wconf 85' lang='lat' dir='ltr'><strong>supervenit</strong></span> <span class='ocrx_word' id='word_1_107' title='bbox 731 1631 828 1705; x_wconf 87' lang='lat' dir='ltr'><strong>actui</strong></span> <span class='ocrx_word' id='word_1_108' title='bbox 842 1636 916 1732; x_wconf 84' lang='lat' dir='ltr'><strong>jam</strong></span> <span class='ocrx_word' id='word_1_109' title='bbox 931 1634 1130 1705; x_wconf 83' lang='lat' dir='ltr'><strong>constituto</strong></span> <span class='ocrx_word' id='word_1_110' title='bbox 1146 1630 1186 1701; x_wconf 92' lang='lat' dir='ltr'><strong>in</strong></span> <span class='ocrx_word' id='word_1_111' title='bbox 1198 1654 1264 1701; x_wconf 91' lang='lat' dir='ltr'><strong>suo</strong></span> <span class='ocrx_word' id='word_1_112' title='bbox 1283 1651 1365 1698; x_wconf 87' lang='lat' dir='ltr'><strong>esse</strong></span> 
     </span>
     <span class='ocr_line' id='line_1_16' title="bbox 271 1727 1368 1823; baseline -0.001 -23"><span class='ocrx_word' id='word_1_113' title='bbox 271 1729 321 1800; x_wconf 81' lang='lat' dir='ltr'><strong>in&#39;</strong></span> <span class='ocrx_word' id='word_1_114' title='bbox 340 1749 469 1823; x_wconf 85' lang='lat' dir='ltr'><strong>genere</strong></span> <span class='ocrx_word' id='word_1_115' title='bbox 487 1729 613 1802; x_wconf 83' lang='lat' dir='ltr'><strong>muris.</strong></span> <span class='ocrx_word' id='word_1_116' title='bbox 639 1727 694 1802; x_wconf 81' lang='lat' dir='ltr'><strong>Iu</strong></span> <span class='ocrx_word' id='word_1_117' title='bbox 712 1730 749 1802; x_wconf 88' lang='lat' dir='ltr'><strong>S.</strong></span> <span class='ocrx_word' id='word_1_118' title='bbox 764 1728 842 1804; x_wconf 76' lang='lat' dir='ltr'><strong>Th.</strong></span> <span class='ocrx_word' id='word_1_119' title='bbox 861 1730 889 1805; x_wconf 92' lang='lat' dir='ltr'><strong>l.</strong></span> <span class='ocrx_word' id='word_1_120' title='bbox 905 1757 938 1803; x_wconf 90' lang='lat' dir='ltr'><strong>c.</strong></span> <span class='ocrx_word' id='word_1_121' title='bbox 963 1756 984 1801; x_wconf 88' lang='lat' dir='ltr'><strong>a</strong></span> <span class='ocrx_word' id='word_1_122' title='bbox 1006 1730 1027 1802; x_wconf 79' lang='lat'>3</span> <span class='ocrx_word' id='word_1_123' title='bbox 1047 1755 1133 1800; x_wconf 88' lang='lat' dir='ltr'><strong>cum</strong></span> <span class='ocrx_word' id='word_1_124' title='bbox 1157 1728 1368 1800; x_wconf 85' lang='lat' dir='ltr'><strong>communi.</strong></span> 
     </span>
     <span class='ocr_line' id='line_1_17' title="bbox 265 1826 1366 1922; baseline -0.005 -23"><span class='ocrx_word' id='word_1_125' title='bbox 265 1837 269 1844; x_wconf 84' lang='lat'>&#39;</span> <span class='ocrx_word' id='word_1_126' title='bbox 321 1827 616 1899; x_wconf 81' lang='lat' dir='ltr'><strong>Circumstantiae</strong></span> <span class='ocrx_word' id='word_1_127' title='bbox 651 1842 773 1900; x_wconf 90' lang='lat' dir='ltr'><strong>autem</strong></span> <span class='ocrx_word' id='word_1_128' title='bbox 804 1842 923 1912; x_wconf 86' lang='lat' dir='ltr'><strong>sunt,</strong></span> <span class='ocrx_word' id='word_1_129' title='bbox 951 1826 1011 1900; x_wconf 85' lang='lat' dir='ltr'><strong>vel</strong></span> <span class='ocrx_word' id='word_1_130' title='bbox 1040 1828 1243 1916; x_wconf 71' lang='lat' dir='ltr'><strong>Personae,</strong></span> <span class='ocrx_word' id='word_1_131' title='bbox 1276 1847 1366 1922; x_wconf 84' lang='lat' dir='ltr'><strong>quae</strong></span> 
     </span>
     <span class='ocr_line' id='line_1_18' title="bbox 260 1919 1365 2020; baseline -0.003 -24"><span class='ocrx_word' id='word_1_132' title='bbox 260 1933 320 1996; x_wconf 80' lang='lat' dir='ltr'><strong>&#39;s&#39;ae</strong></span> <span class='ocrx_word' id='word_1_133' title='bbox 349 1922 368 1998; x_wconf 82' lang='grc' dir='ltr'><strong>ὲ</strong></span> <span class='ocrx_word' id='word_1_134' title='bbox 383 1922 487 1996; x_wconf 90' lang='lat' dir='ltr'><strong>addit</strong></span> <span class='ocrx_word' id='word_1_135' title='bbox 504 1950 665 1999; x_wconf 83' lang='lat' dir='ltr'><strong>novams</strong></span> <span class='ocrx_word' id='word_1_136' title='bbox 694 1926 810 1998; x_wconf 84' lang='lat' dir='ltr'><strong>eciem</strong></span> <span class='ocrx_word' id='word_1_137' title='bbox 826 1925 1057 2015; x_wconf 84' lang='lat' dir='ltr'><strong>malitiae;i1t,</strong></span> <span class='ocrx_word' id='word_1_138' title='bbox 1078 1919 1109 1997; x_wconf 79' lang='lat' dir='ltr'><strong>si</strong></span> <span class='ocrx_word' id='word_1_139' title='bbox 1126 1928 1365 2020; x_wconf 76' lang='lat' dir='ltr'><strong>conjugatae,</strong></span> 
     </span>
    </p>
   </div>
   <div class='ocr_carea' id='block_1_3' title="bbox 270 1949 1367 2391">
    <p class='ocr_par' dir='ltr' id='par_1_4' title="bbox 270 1949 1367 2391">
     <span class='ocr_line' id='line_1_19' title="bbox 270 1949 1366 2119; baseline 0 -27"><span class='ocrx_word' id='word_1_140' title='bbox 270 1949 346 2093; x_wconf 63' lang='lat' dir='ltr'><strong>vel</strong></span> <span class='ocrx_word' id='word_1_141' title='bbox 359 2037 441 2094; x_wconf 86' lang='lat' dir='ltr'><strong>voto</strong></span> <span class='ocrx_word' id='word_1_142' title='bbox 459 2022 633 2096; x_wconf 88' lang='lat' dir='ltr'><strong>castitatis</strong></span> <span class='ocrx_word' id='word_1_143' title='bbox 648 1952 846 2096; x_wconf 67' lang='lat' dir='ltr'><strong>alstrietus</strong></span> <span class='ocrx_word' id='word_1_144' title='bbox 861 2024 1064 2097; x_wconf 84' lang='lat' dir='ltr'><strong>fornicetur</strong></span> <span class='ocrx_word' id='word_1_145' title='bbox 1081 2050 1090 2108; x_wconf 84' lang='lat'><em>3</em></span> <span class='ocrx_word' id='word_1_146' title='bbox 1109 2036 1145 2094; x_wconf 88' lang='lat' dir='ltr'><strong>et</strong></span> <span class='ocrx_word' id='word_1_147' title='bbox 1157 2017 1366 2119; x_wconf 73' lang='lat' dir='ltr'><strong>aliquandi)</strong></span> 
     </span>
     <span class='ocr_line' id='line_1_20' title="bbox 271 2118 1367 2221; baseline 0 -30"><span class='ocrx_word' id='word_1_148' title='bbox 271 2118 396 2191; x_wconf 78' lang='lat' dir='ltr'><strong>solium</strong></span> <span class='ocrx_word' id='word_1_149' title='bbox 422 2134 528 2218; x_wconf 81' lang='lat' dir='ltr'><strong>auget</strong></span> <span class='ocrx_word' id='word_1_150' title='bbox 552 2119 733 2194; x_wconf 84' lang='lat' dir='ltr'><strong>malitiam</strong></span> <span class='ocrx_word' id='word_1_151' title='bbox 757 2121 852 2194; x_wconf 72' lang='lat' dir='ltr'><strong>intra</strong></span> <span class='ocrx_word' id='word_1_152' title='bbox 880 2123 1048 2212; x_wconf 83' lang='lat' dir='ltr'><strong>eamdem</strong></span> <span class='ocrx_word' id='word_1_153' title='bbox 1077 2121 1251 2221; x_wconf 83' lang='lat' dir='ltr'><strong>speciem.</strong></span> <span class='ocrx_word' id='word_1_154' title='bbox 1281 2118 1367 2191; x_wconf 87' lang='lat' dir='ltr'><strong>Hoc</strong></span> 
     </span>
     <span class='ocr_line' id='line_1_21' title="bbox 271 2216 1365 2391; baseline 0.001 -103"><span class='ocrx_word' id='word_1_155' title='bbox 271 2216 493 2315; x_wconf 83' lang='lat' dir='ltr'><strong>intelligitur</strong></span> <span class='ocrx_word' id='word_1_156' title='bbox 508 2222 583 2291; x_wconf 74' lang='lat' dir='ltr'><strong>tam</strong></span> <span class='ocrx_word' id='word_1_157' title='bbox 598 2218 644 2291; x_wconf 90' lang='lat' dir='ltr'><strong>de</strong></span> <span class='ocrx_word' id='word_1_158' title='bbox 658 2233 814 2318; x_wconf 84' lang='lat' dir='ltr'><strong>persona</strong></span> <span class='ocrx_word' id='word_1_159' title='bbox 828 2236 971 2319; x_wconf 77' lang='lat' dir='ltr'><strong>agente,</strong></span> <span class='ocrx_word' id='word_1_160' title='bbox 991 2224 1102 2391; x_wconf 43' lang='lat' dir='ltr'><strong>cesam</strong></span> <span class='ocrx_word' id='word_1_161' title='bbox 1117 2218 1162 2290; x_wconf 88' lang='lat' dir='ltr'><strong>de</strong></span> <span class='ocrx_word' id='word_1_162' title='bbox 1182 2217 1365 2317; x_wconf 80' lang='lat' dir='ltr'><strong>patiente,</strong></span> 
     </span>
    </p>
   </div>
   <div class='ocr_carea' id='block_1_4' title="bbox 172 2305 1393 4089">
    <p class='ocr_par' dir='ltr' id='par_1_5' title="bbox 172 2305 1393 4089">
     <span class='ocr_line' id='line_1_22' title="bbox 262 2305 1369 2416; baseline 0.001 -29"><span class='ocrx_word' id='word_1_163' title='bbox 262 2305 342 2407; x_wconf 77' lang='grc'><strong>111,</strong></span> <span class='ocrx_word' id='word_1_164' title='bbox 372 2318 405 2389; x_wconf 92' lang='lat' dir='ltr'><strong>si</strong></span> <span class='ocrx_word' id='word_1_165' title='bbox 433 2319 686 2416; x_wconf 87' lang='lat' dir='ltr'><strong>percutiantur</strong></span> <span class='ocrx_word' id='word_1_166' title='bbox 704 2315 970 2393; x_wconf 78' lang='lat' dir='ltr'><strong>benefactores.</strong></span> <span class='ocrx_word' id='word_1_167' title='bbox 1036 2315 1069 2391; x_wconf 88' lang='lat' dir='ltr'><strong>el</strong></span> <span class='ocrx_word' id='word_1_168' title='bbox 1088 2314 1369 2391; x_wconf 76' lang='lat' dir='ltr'><strong>circumstantia</strong></span> 
     </span>
     <span class='ocr_line' id='line_1_23' title="bbox 273 2411 1365 2517; baseline 0.002 -33"><span class='ocrx_word' id='word_1_169' title='bbox 273 2413 389 2500; x_wconf 84' lang='lat' dir='ltr'><strong>Loci,</strong></span> <span class='ocrx_word' id='word_1_170' title='bbox 408 2411 449 2486; x_wconf 80' lang='lat' dir='ltr'><strong>iat</strong></span> <span class='ocrx_word' id='word_1_171' title='bbox 471 2413 585 2487; x_wconf 81' lang='lat' dir='ltr'><strong>iurari</strong></span> <span class='ocrx_word' id='word_1_172' title='bbox 608 2418 646 2488; x_wconf 88' lang='lat' dir='ltr'><strong>in</strong></span> <span class='ocrx_word' id='word_1_173' title='bbox 661 2414 747 2489; x_wconf 89' lang='lat' dir='ltr'><strong>loco</strong></span> <span class='ocrx_word' id='word_1_174' title='bbox 762 2443 866 2490; x_wconf 87' lang='lat' dir='ltr'><strong>sacro</strong></span> <span class='ocrx_word' id='word_1_175' title='bbox 885 2471 895 2506; x_wconf 94' lang='lat'><strong>,</strong></span> <span class='ocrx_word' id='word_1_176' title='bbox 924 2444 1006 2517; x_wconf 86' lang='lat' dir='ltr'><strong>quae</strong></span> <span class='ocrx_word' id='word_1_177' title='bbox 1024 2418 1183 2516; x_wconf 89' lang='lat' dir='ltr'><strong>speciem</strong></span> <span class='ocrx_word' id='word_1_178' title='bbox 1212 2430 1365 2499; x_wconf 90' lang='lat' dir='ltr'><strong>mutat,</strong></span> 
     </span>
     <span class='ocr_line' id='line_1_24' title="bbox 261 2506 1365 2615; baseline 0.002 -33"><span class='ocrx_word' id='word_1_179' title='bbox 261 2506 311 2583; x_wconf 84' lang='lat' dir='ltr'><strong>&#39;et</strong></span> <span class='ocrx_word' id='word_1_180' title='bbox 327 2513 380 2584; x_wconf 89' lang='lat' dir='ltr'><strong>sic</strong></span> <span class='ocrx_word' id='word_1_181' title='bbox 408 2510 454 2586; x_wconf 86' lang='lat' dir='ltr'><strong>de</strong></span> <span class='ocrx_word' id='word_1_182' title='bbox 472 2511 551 2587; x_wconf 90' lang='lat' dir='ltr'><strong>aliis</strong></span> <span class='ocrx_word' id='word_1_183' title='bbox 569 2513 872 2604; x_wconf 81' lang='lat' dir='ltr'><strong>circumstantiis,</strong></span> <span class='ocrx_word' id='word_1_184' title='bbox 890 2517 1088 2615; x_wconf 89' lang='lat' dir='ltr'><strong>temporis,</strong></span> <span class='ocrx_word' id='word_1_185' title='bbox 1109 2514 1208 2587; x_wconf 85' lang='lat' dir='ltr'><strong>m&#39;odi</strong></span> <span class='ocrx_word' id='word_1_186' title='bbox 1228 2570 1238 2604; x_wconf 89' lang='lat'><strong>,</strong></span> <span class='ocrx_word' id='word_1_187' title='bbox 1256 2512 1365 2586; x_wconf 80' lang='lat' dir='ltr'><strong>auxi·</strong></span> 
     </span>
     <span class='ocr_line' id='line_1_25' title="bbox 272 2608 1393 2713; baseline 0 -30"><span class='ocrx_word' id='word_1_188' title='bbox 272 2608 426 2697; x_wconf 87' lang='lat' dir='ltr'><strong>liorum,</strong></span> <span class='ocrx_word' id='word_1_189' title='bbox 442 2637 505 2682; x_wconf 87' lang='lat' dir='ltr'><strong>seu</strong></span> <span class='ocrx_word' id='word_1_190' title='bbox 521 2609 869 2704; x_wconf 88' lang='lat' dir='ltr'><strong>instrumentorum,</strong></span> <span class='ocrx_word' id='word_1_191' title='bbox 882 2612 1018 2713; x_wconf 90' lang='lat' dir='ltr'><strong>quibus</strong></span> <span class='ocrx_word' id='word_1_192' title='bbox 1033 2628 1135 2686; x_wconf 86' lang='lat' dir='ltr'><strong>actus</strong></span> <span class='ocrx_word' id='word_1_193' title='bbox 1151 2610 1362 2685; x_wconf 80' lang='lat' dir='ltr'><strong>executioni</strong></span> <span class='ocrx_word' id='word_1_194' title='bbox 1389 2613 1393 2623; x_wconf 88' lang='lat'>&#39;</span> 
     </span>
     <span class='ocr_line' id='line_1_26' title="bbox 272 2709 1363 2812; baseline 0.001 -32"><span class='ocrx_word' id='word_1_195' title='bbox 272 2709 472 2781; x_wconf 86' lang='lat' dir='ltr'><strong>mandatur</strong></span> <span class='ocrx_word' id='word_1_196' title='bbox 485 2734 577 2807; x_wconf 85' lang='lat' dir='ltr'><strong>quae,</strong></span> <span class='ocrx_word' id='word_1_197' title='bbox 588 2709 630 2783; x_wconf 78' lang='lat' dir='ltr'><strong>ist</strong></span> <span class='ocrx_word' id='word_1_198' title='bbox 642 2709 687 2785; x_wconf 87' lang='lat' dir='ltr'><strong>de</strong></span> <span class='ocrx_word' id='word_1_199' title='bbox 697 2710 780 2784; x_wconf 89' lang='lat' dir='ltr'><strong>aliis</strong></span> <span class='ocrx_word' id='word_1_200' title='bbox 791 2711 962 2802; x_wconf 84' lang='lat' dir='ltr'><strong>diximus,</strong></span> <span class='ocrx_word' id='word_1_201' title='bbox 975 2716 1129 2812; x_wconf 87' lang='lat' dir='ltr'><strong>possunt</strong></span> <span class='ocrx_word' id='word_1_202' title='bbox 1137 2711 1190 2782; x_wconf 77' lang='lat' dir='ltr'><strong>sel</strong></span> <span class='ocrx_word' id='word_1_203' title='bbox 1203 2724 1363 2798; x_wconf 89' lang='lat' dir='ltr'><strong>mutare,</strong></span> 
     </span>
     <span class='ocr_line' id='line_1_27' title="bbox 272 2805 1365 2905; baseline 0.004 -29"><span class='ocrx_word' id='word_1_204' title='bbox 272 2805 329 2877; x_wconf 87' lang='lat' dir='ltr'><strong>vel</strong></span> <span class='ocrx_word' id='word_1_205' title='bbox 351 2833 482 2905; x_wconf 79' lang='lat' dir='ltr'><strong>augere</strong></span> <span class='ocrx_word' id='word_1_206' title='bbox 506 2807 684 2881; x_wconf 90' lang='lat' dir='ltr'><strong>malitiam</strong></span> <span class='ocrx_word' id='word_1_207' title='bbox 709 2808 766 2881; x_wconf 85' lang='lat' dir='ltr'><strong>vel</strong></span> <span class='ocrx_word' id='word_1_208' title='bbox 784 2807 1019 2896; x_wconf 87' lang='lat' dir='ltr'><strong>notabiliter,</strong></span> <span class='ocrx_word' id='word_1_209' title='bbox 1039 2808 1095 2882; x_wconf 83' lang='lat' dir='ltr'><strong>vel</strong></span> <span class='ocrx_word' id='word_1_210' title='bbox 1115 2807 1242 2881; x_wconf 78' lang='lat' dir='ltr'><strong>leviter</strong></span> <span class='ocrx_word' id='word_1_211' title='bbox 1264 2809 1365 2881; x_wconf 74' lang='lat' dir='ltr'><strong>intrd</strong></span> 
     </span>
     <span class='ocr_line' id='line_1_28' title="bbox 274 2903 1363 3007; baseline 0.005 -33"><span class='ocrx_word' id='word_1_212' title='bbox 274 2903 442 2977; x_wconf 89' lang='lat' dir='ltr'><strong>eamdem</strong></span> <span class='ocrx_word' id='word_1_213' title='bbox 459 2906 633 3005; x_wconf 83' lang='lat' dir='ltr'><strong>speciem.</strong></span> <span class='ocrx_word' id='word_1_214' title='bbox 656 2907 767 2996; x_wconf 87' lang='lat' dir='ltr'><strong>Nota,</strong></span> <span class='ocrx_word' id='word_1_215' title='bbox 798 2907 898 3007; x_wconf 89' lang='lat' dir='ltr'><strong>quod</strong></span> <span class='ocrx_word' id='word_1_216' title='bbox 924 2908 1198 2982; x_wconf 87' lang='lat' dir='ltr'><strong>circumstantia</strong></span> <span class='ocrx_word' id='word_1_217' title='bbox 1233 2906 1363 2980; x_wconf 83' lang='lat' dir='ltr'><strong>leviter</strong></span> 
     </span>
     <span class='ocr_line' id='line_1_29' title="bbox 271 3000 1362 3106; baseline 0.004 -34"><span class='ocrx_word' id='word_1_218' title='bbox 271 3000 370 3073; x_wconf 89' lang='lat' dir='ltr'><strong>mala</strong></span> <span class='ocrx_word' id='word_1_219' title='bbox 384 3001 581 3076; x_wconf 86' lang='lat' dir='ltr'><strong>adveniens</strong></span> <span class='ocrx_word' id='word_1_220' title='bbox 597 3005 719 3093; x_wconf 86' lang='lat' dir='ltr'><strong>actui,</strong></span> <span class='ocrx_word' id='word_1_221' title='bbox 734 3030 811 3077; x_wconf 91' lang='lat' dir='ltr'><strong>non</strong></span> <span class='ocrx_word' id='word_1_222' title='bbox 832 3004 971 3079; x_wconf 79' lang='lat' dir='ltr'><strong>auferat</strong></span> <span class='ocrx_word' id='word_1_223' title='bbox 990 3020 1103 3079; x_wconf 87' lang='lat' dir='ltr'><strong>totam</strong></span> <span class='ocrx_word' id='word_1_224' title='bbox 1123 3009 1204 3106; x_wconf 78' lang='lat' dir='ltr'><strong>ejus</strong></span> <span class='ocrx_word' id='word_1_225' title='bbox 1216 3002 1362 3081; x_wconf 86' lang='lat' dir='ltr'><strong>bonita-</strong></span> 
     </span>
     <span class='ocr_line' id='line_1_30' title="bbox 273 3099 1362 3204; baseline 0.004 -33"><span class='ocrx_word' id='word_1_226' title='bbox 273 3112 435 3183; x_wconf 83' lang='lat' dir='ltr'><strong>tem‚uec</strong></span> <span class='ocrx_word' id='word_1_227' title='bbox 448 3099 569 3174; x_wconf 87' lang='lat' dir='ltr'><strong>deleat</strong></span> <span class='ocrx_word' id='word_1_228' title='bbox 579 3128 689 3175; x_wconf 89' lang='lat' dir='ltr'><strong>omne</strong></span> <span class='ocrx_word' id='word_1_229' title='bbox 700 3102 940 3177; x_wconf 76' lang='lat' dir='ltr'><strong>meritumJtd</strong></span> <span class='ocrx_word' id='word_1_230' title='bbox 956 3108 1201 3178; x_wconf 86' lang='lat' dir='ltr'><strong>communiter</strong></span> <span class='ocrx_word' id='word_1_231' title='bbox 1219 3104 1362 3204; x_wconf 87' lang='lat' dir='ltr'><strong>opinio,</strong></span> 
     </span>
     <span class='ocr_line' id='line_1_31' title="bbox 172 3198 1288 3298; baseline 0.004 -29"><span class='ocrx_word' id='word_1_232' title='bbox 172 3268 176 3281; x_wconf 80' lang='grc'><strong>,</strong></span> <span class='ocrx_word' id='word_1_233' title='bbox 274 3225 387 3298; x_wconf 88' lang='lat' dir='ltr'><strong>quam</strong></span> <span class='ocrx_word' id='word_1_234' title='bbox 408 3198 487 3272; x_wconf 73' lang='lat' dir='ltr'><strong>suad</strong></span> <span class='ocrx_word' id='word_1_235' title='bbox 505 3199 663 3275; x_wconf 89' lang='lat' dir='ltr'><strong>adstruit</strong></span> <span class='ocrx_word' id='word_1_236' title='bbox 680 3200 892 3275; x_wconf 90' lang='lat' dir='ltr'><strong>Contenson</strong></span> <span class='ocrx_word' id='word_1_237' title='bbox 911 3200 975 3274; x_wconf 88' lang='lat' dir='ltr'><strong>lib.</strong></span> <span class='ocrx_word' id='word_1_238' title='bbox 994 3202 1030 3278; x_wconf 83' lang='lat'><strong>6.</strong></span> <span class='ocrx_word' id='word_1_239' title='bbox 1051 3202 1136 3275; x_wconf 87' lang='lat' dir='ltr'><strong>diss.</strong></span> <span class='ocrx_word' id='word_1_240' title='bbox 1156 3229 1177 3274; x_wconf 83' lang='lat'><em>2</em></span> <span class='ocrx_word' id='word_1_241' title='bbox 1194 3200 1238 3275; x_wconf 75' lang='lat' dir='ltr'><strong>c.&#39;</strong></span> <span class='ocrx_word' id='word_1_242' title='bbox 1254 3229 1288 3274; x_wconf 81' lang='lat' dir='ltr'><strong>a.</strong></span> 
     </span>
     <span class='ocr_line' id='line_1_32' title="bbox 324 3296 1366 3400; baseline 0.004 -31"><span class='ocrx_word' id='word_1_243' title='bbox 324 3296 422 3370; x_wconf 90' lang='lat' dir='ltr'><strong>Hinc</strong></span> <span class='ocrx_word' id='word_1_244' title='bbox 443 3298 599 3369; x_wconf 84' lang='lat' dir='ltr'><strong>infertur</strong></span> <span class='ocrx_word' id='word_1_245' title='bbox 616 3323 683 3397; x_wconf 87' lang='lat' dir='ltr'><strong>pro</strong></span> <span class='ocrx_word' id='word_1_246' title='bbox 702 3300 824 3399; x_wconf 84' lang='lat' dir='ltr'><strong>praxi,</strong></span> <span class='ocrx_word' id='word_1_247' title='bbox 839 3299 944 3400; x_wconf 90' lang='lat' dir='ltr'><strong>quod</strong></span> <span class='ocrx_word' id='word_1_248' title='bbox 958 3301 1208 3375; x_wconf 82' lang='lat' dir='ltr'><strong>Confessarius</strong></span> <span class='ocrx_word' id='word_1_249' title='bbox 1227 3299 1366 3373; x_wconf 85' lang='lat' dir='ltr'><strong>debeat</strong></span> 
     </span>
     <span class='ocr_line' id='line_1_33' title="bbox 272 3393 1364 3513; baseline 0.005 -47"><span class='ocrx_word' id='word_1_250' title='bbox 272 3393 496 3492; x_wconf 83' lang='lat' dir='ltr'><strong>interrogare</strong></span> <span class='ocrx_word' id='word_1_251' title='bbox 513 3396 766 3494; x_wconf 77' lang='lat' dir='ltr'><strong>poenitentem,</strong></span> <span class='ocrx_word' id='word_1_252' title='bbox 785 3398 849 3513; x_wconf 70' lang='lat' dir='ltr'><strong>qui</strong></span> <span class='ocrx_word' id='word_1_253' title='bbox 865 3425 904 3472; x_wconf 89' lang='lat' dir='ltr'><strong>se</strong></span> <span class='ocrx_word' id='word_1_254' title='bbox 923 3412 1070 3474; x_wconf 87' lang='lat' dir='ltr'><strong>accusat</strong></span> <span class='ocrx_word' id='word_1_255' title='bbox 1089 3398 1251 3472; x_wconf 82' lang='lat' dir='ltr'><strong>furatum</strong></span> <span class='ocrx_word' id='word_1_256' title='bbox 1269 3424 1364 3489; x_wconf 87' lang='lat' dir='ltr'><strong>esse,</strong></span> 
     </span>
     <span class='ocr_line' id='line_1_34' title="bbox 274 3492 1369 3585; baseline 0.005 -21"><span class='ocrx_word' id='word_1_257' title='bbox 274 3492 321 3564; x_wconf 92' lang='lat' dir='ltr'><strong>de</strong></span> <span class='ocrx_word' id='word_1_258' title='bbox 352 3495 425 3565; x_wconf 86' lang='lat' dir='ltr'><strong>fine</strong></span> <span class='ocrx_word' id='word_1_259' title='bbox 455 3494 626 3585; x_wconf 88' lang='lat' dir='ltr'><strong>inteuto;</strong></span> <span class='ocrx_word' id='word_1_260' title='bbox 655 3520 742 3567; x_wconf 91' lang='lat' dir='ltr'><strong>nam</strong></span> <span class='ocrx_word' id='word_1_261' title='bbox 770 3523 799 3569; x_wconf 87' lang='lat' dir='ltr'><strong>sr</strong></span> <span class='ocrx_word' id='word_1_262' title='bbox 829 3495 1030 3571; x_wconf 86' lang='lat' dir='ltr'><strong>intenderit</strong></span> <span class='ocrx_word' id='word_1_263' title='bbox 1058 3495 1131 3570; x_wconf 92' lang='lat' dir='ltr'><strong>hoc</strong></span> <span class='ocrx_word' id='word_1_264' title='bbox 1158 3496 1286 3583; x_wconf 88' lang='lat' dir='ltr'><strong>furto,</strong></span> <span class='ocrx_word' id='word_1_265' title='bbox 1322 3511 1369 3569; x_wconf 85' lang='lat' dir='ltr'><strong>ut</strong></span> 
     </span>
     <span class='ocr_line' id='line_1_35' title="bbox 273 3590 1362 3693; baseline 0.004 -31"><span class='ocrx_word' id='word_1_266' title='bbox 273 3591 474 3689; x_wconf 88' lang='lat' dir='ltr'><strong>pecuniam</strong></span> <span class='ocrx_word' id='word_1_267' title='bbox 500 3590 653 3664; x_wconf 86' lang='lat' dir='ltr'><strong>haberet</strong></span> <span class='ocrx_word' id='word_1_268' title='bbox 676 3592 723 3666; x_wconf 92' lang='lat' dir='ltr'><strong>ad</strong></span> <span class='ocrx_word' id='word_1_269' title='bbox 744 3592 1032 3682; x_wconf 88' lang='lat' dir='ltr'><strong>fornicandum,</strong></span> <span class='ocrx_word' id='word_1_270' title='bbox 1050 3609 1141 3693; x_wconf 78' lang='lat' dir='ltr'><strong>tunc</strong></span> <span class='ocrx_word' id='word_1_271' title='bbox 1172 3596 1241 3667; x_wconf 88' lang='lat' dir='ltr'><strong>erit</strong></span> <span class='ocrx_word' id='word_1_272' title='bbox 1266 3620 1362 3668; x_wconf 83' lang='lat' dir='ltr'><strong>nora</strong></span> 
     </span>
     <span class='ocr_line' id='line_1_36' title="bbox 273 3689 1362 3793; baseline 0.006 -34"><span class='ocrx_word' id='word_1_273' title='bbox 273 3689 438 3762; x_wconf 84' lang='lat' dir='ltr'><strong>malitia:</strong></span> <span class='ocrx_word' id='word_1_274' title='bbox 457 3691 507 3762; x_wconf 80' lang='lat' dir='ltr'><strong>it&#39;a</strong></span> <span class='ocrx_word' id='word_1_275' title='bbox 524 3692 555 3762; x_wconf 90' lang='lat' dir='ltr'><strong>si</strong></span> <span class='ocrx_word' id='word_1_276' title='bbox 568 3689 765 3764; x_wconf 86' lang='lat' dir='ltr'><strong>detraxerit</strong></span> <span class='ocrx_word' id='word_1_277' title='bbox 778 3695 963 3793; x_wconf 84' lang='lat' dir='ltr'><strong>proximo,</strong></span> <span class='ocrx_word' id='word_1_278' title='bbox 977 3707 1131 3793; x_wconf 81' lang='lat' dir='ltr'><strong>quaerat,</strong></span> <span class='ocrx_word' id='word_1_279' title='bbox 1148 3721 1194 3765; x_wconf 91' lang='lat' dir='ltr'><strong>an</strong></span> <span class='ocrx_word' id='word_1_280' title='bbox 1207 3691 1362 3765; x_wconf 67' lang='lat' dir='ltr'><strong>sortasse</strong></span> 
     </span>
     <span class='ocr_line' id='line_1_37' title="bbox 273 3783 1358 3878; baseline 0.007 -21"><span class='ocrx_word' id='word_1_281' title='bbox 273 3783 344 3859; x_wconf 88' lang='lat' dir='ltr'><strong>hac</strong></span> <span class='ocrx_word' id='word_1_282' title='bbox 364 3791 503 3861; x_wconf 86' lang='lat' dir='ltr'><strong>ratione</strong></span> <span class='ocrx_word' id='word_1_283' title='bbox 522 3788 722 3863; x_wconf 89' lang='lat' dir='ltr'><strong>intenderit</strong></span> <span class='ocrx_word' id='word_1_284' title='bbox 739 3791 789 3861; x_wconf 92' lang='lat' dir='ltr'><strong>im</strong></span> <span class='ocrx_word' id='word_1_285' title='bbox 818 3790 916 3866; x_wconf 89' lang='lat' dir='ltr'><strong>edire</strong></span> <span class='ocrx_word' id='word_1_286' title='bbox 934 3818 1023 3864; x_wconf 86' lang='lat' dir='ltr'><strong>euru</strong></span> <span class='ocrx_word' id='word_1_287' title='bbox 1037 3796 1056 3864; x_wconf 80' lang='lat' dir='ltr'><strong>i</strong></span> <span class='ocrx_word' id='word_1_288' title='bbox 1071 3790 1196 3878; x_wconf 89' lang='lat' dir='ltr'><strong>lucro,</strong></span> <span class='ocrx_word' id='word_1_289' title='bbox 1214 3790 1272 3863; x_wconf 83' lang='lat' dir='ltr'><strong>vel</strong></span> <span class='ocrx_word' id='word_1_290' title='bbox 1284 3789 1358 3865; x_wconf 82' lang='lat' dir='ltr'><strong>ali·</strong></span> 
     </span>
     <span class='ocr_line' id='line_1_38' title="bbox 273 3885 1364 4052; baseline 0.008 -97"><span class='ocrx_word' id='word_1_291' title='bbox 273 3909 346 4052; x_wconf 50' lang='lat' dir='ltr'><strong>flua</strong></span> <span class='ocrx_word' id='word_1_292' title='bbox 367 3885 544 3983; x_wconf 81' lang='lat' dir='ltr'><strong>dignitate</strong></span> <span class='ocrx_word' id='word_1_293' title='bbox 563 3913 774 3988; x_wconf 89' lang='lat' dir='ltr'><strong>consequen</strong></span> <span class='ocrx_word' id='word_1_294' title='bbox 804 3890 903 3963; x_wconf 70' lang='lat' dir='ltr'><strong>alix</strong></span> <span class='ocrx_word' id='word_1_295' title='bbox 926 3891 997 3963; x_wconf 84' lang='lat' dir='ltr'><strong>fine</strong></span> <span class='ocrx_word' id='word_1_296' title='bbox 1017 3895 1118 3962; x_wconf 90' lang='lat' dir='ltr'><strong>enim</strong></span> <span class='ocrx_word' id='word_1_297' title='bbox 1136 3891 1299 3977; x_wconf 87' lang='lat' dir='ltr'><strong>intento,</strong></span> <span class='ocrx_word' id='word_1_298' title='bbox 1317 3887 1364 3964; x_wconf 85' lang='lat' dir='ltr'><strong>irt</strong></span> 
     </span>
     <span class='ocr_line' id='line_1_39' title="bbox 300 3981 1280 4089; baseline 0.011 -37"><span class='ocrx_word' id='word_1_299' title='bbox 300 3981 414 4055; x_wconf 86' lang='lat' dir='ltr'><strong>ictum</strong></span> <span class='ocrx_word' id='word_1_300' title='bbox 437 3999 492 4058; x_wconf 86' lang='lat' dir='ltr'><strong>est</strong></span> <span class='ocrx_word' id='word_1_301' title='bbox 510 4042 519 4073; x_wconf 91' lang='lat'><strong>,</strong></span> <span class='ocrx_word' id='word_1_302' title='bbox 538 3986 644 4060; x_wconf 69' lang='lat' dir='ltr'><strong>facile</strong></span> <span class='ocrx_word' id='word_1_303' title='bbox 663 4001 826 4061; x_wconf 85' lang='lat' dir='ltr'><strong>mutatur</strong></span> <span class='ocrx_word' id='word_1_304' title='bbox 844 3989 985 4089; x_wconf 89' lang='lat' dir='ltr'><strong>species</strong></span> <span class='ocrx_word' id='word_1_305' title='bbox 999 3988 1162 4062; x_wconf 73' lang='lat' dir='ltr'><strong>malitiae·</strong></span> <span class='ocrx_word' id='word_1_306' title='bbox 1278 3998 1280 4003; x_wconf 84' lang='lat'>&#39;</span> 
     </span>
    </p>
   </div>
   <div class='ocr_carea' id='block_1_5' title="bbox 318 4082 1365 4191">
    <p class='ocr_par' dir='ltr' id='par_1_6' title="bbox 318 4082 1365 4191">
     <span class='ocr_line' id='line_1_40' title="bbox 318 4082 1365 4191; baseline 0.008 -34"><span class='ocrx_word' id='word_1_307' title='bbox 318 4082 398 4157; x_wconf 86' lang='lat' dir='ltr'><strong>XL.</strong></span> <span class='ocrx_word' id='word_1_308' title='bbox 416 4084 603 4178; x_wconf 85' lang='lat' dir='ltr'><strong>Quaeritur</strong></span> <span class='ocrx_word' id='word_1_309' title='bbox 616 4084 695 4191; x_wconf 80' lang='lat' dir='ltr'><strong>hic,</strong></span> <span class='ocrx_word' id='word_1_310' title='bbox 708 4111 757 4164; x_wconf 92' lang='lat' dir='ltr'><strong>an</strong></span> <span class='ocrx_word' id='word_1_311' title='bbox 771 4099 1055 4191; x_wconf 68' lang='lat' dir='ltr'><strong>actusexternus</strong></span> <span class='ocrx_word' id='word_1_312' title='bbox 1068 4086 1182 4165; x_wconf 83' lang='lat' dir='ltr'><strong>addat</strong></span> <span class='ocrx_word' id='word_1_313' title='bbox 1194 4084 1365 4189; x_wconf 82' lang='lat' dir='ltr'><strong>aliquem</strong></span> 
     </span>
    </p>
   </div>
   <div class='ocr_carea' id='block_1_6' title="bbox 0 0 1464 4675">
    <p class='ocr_par' dir='ltr' id='par_1_7' title="bbox 0 0 1464 4675">
     <span class='ocr_line' id='line_1_41' title="bbox 0 0 1464 4675; baseline 0 0"><span class='ocrx_word' id='word_1_314' title='bbox 0 0 1464 4675; x_wconf 95' lang='lat' dir='ltr'><strong> </strong></span> 
     </span>
    </p>
   </div>
  </div>
 </body>
</html>
