2900 4675
231 361 495 467 capnion.
512 324 1091 446 n1.nestatue.on010saeaur.
1130 378 1208 456 on

119 482 347 577 defendere,
381 491 467 590 quia
497 504 587 563 tuuc
610 486 734 561 soiirm
754 487 965 588 permissive
991 493 1211 591 cooperstdr

116 602 278 685 peccato
299 587 578 676 Ciicntis,ci1m
603 611 647 660 eo
667 612 753 660 casu
776 600 941 660 exerceat
962 614 1100 662 munus
1117 611 1210 670 cou-

115 683 275 761 sultoris
291 685 389 787 apud
400 685 580 759 iudicem.
597 684 669 758 Sed
682 683 801 759 veriirs
819 685 1038 760 contradicit
1053 686 1151 784 Lugo
1162 684 1210 759 D.

103 788 163 876 '41
184 809 224 853 n.
250 810 290 855 ιο
304 811 381 856 cum
396 783 486 858 Mol.
501 784 660 883 Fagvnd.
672 785 774 857 Med.
784 799 856 876 etc.
871 785 988 872 Ratio,
1003 785 1102 883 quia,
1117 782 1214 858 sicitt
1275 849 1277 860 .

66 933 70 940 -
115 896 254 979 peccat
277 881 403 955 Cliens
433 908 508 955 rem
532 882 747 971 retinendo,
767 884 820 956 siu
840 880 1047 956 Advocatus
1076 883 1117 955 in
1144 882 1214 954 tati

112 982 329 1054 retentione
357 982 390 1053 ei
410 978 676 1080 cooperando?
698 981 909 1055 Advocatus
931 995 1054 1053 autem
1079 1006 1156 1054 noo
1174 1002 1215 1059 sc

118 1076 261 1166 habeat
277 1104 321 1151 ex
341 1091 442 1177 parte
457 1077 619 1167 Judicis,
638 1078 704 1151 sed
716 1077 886 1152 Clientis.
1185 1096 1188 1110 ¹

176 1207 196 1242 a
223 1180 260 1269 d,
286 1177 508 1266 Advocatus,
525 1181 721 1277 antequam
743 1178 988 1276 patrocinium
1007 1199 1218 1272 causmsufls·

120 1305 144 1342 o
173 1275 307 1445 cipiet,
319 1289 465 1349 tenetur
479 1276 685 1349 examinare
696 1280 776 1375 ejus
790 1278 1021 1376 aequitotem,
1040 1289 1077 1349 et
1091 1273 1219 1373 pr'oba·

115 1405 140 1442 o
173 1373 215 1445 bi
232 1376 374 1458 itatem,
389 1399 544 1473 eamque
561 1373 689 1447 clienti
710 1374 873 1448 indicare
891 1374 1055 1448 sincensi:
1068 1376 1099 1447 si
1117 1376 1218 1447 enim

116 1503 145 1539 n
173 1463 267 1543 satst
286 1474 556 1569 promissione,
584 1471 640 1544 vei
663 1474 764 1545 insui
791 1500 856 1571 spe
880 1475 1067 1558 victoriae,
1086 1483 1218 1570 sump-

94 1593 141 1636 ··
173 1570 275 1643 tibus
289 1570 472 1658 involvat,
489 1584 634 1644 tenetur
647 1569 694 1642 ed
713 1572 838 1644 restitu
845 1573 994 1646 tionem.
1005 1571 1144 1643 Bonae.
1172 1570 1217 1644 de

94 1681 144 1736 'n
168 1692 275 1765 pecc.
293 1671 331 1744 d.
351 1694 418 1767 oq.
437 1672 460 1763 4
472 1696 513 1766 p.
534 1687 571 1766 9
592 1669 647 1741 uti
660 1684 697 1741 et
718 1671 748 1742 si
770 1669 1002 1769 qualitatem,
1021 1675 1218 1743 aestatum

114 1797 144 1835 ιι
175 1787 317 1857 causae',
335 1777 399 1841 s‘eu
417 1768 625 1866 periculum
647 1771 728 1862 ejus
746 1768 945 1868 perdendae
965 1765 1220 1842 indicamus-2

115 1889 157 1934 ιι·
175 1863 330 1961 glexerit
338 1865 528 1953 ,etclieus
542 1887 611 1952 ,eo
629 1866 792 1962 cognito,
807 1867 1013 1964 litigaturus
1033 1891 1109 1940 uon
1128 1865 1217 1939 suis·¹

115 1994 141 2031 ιι
175 1978 245 2035 set.
258 1962 372 2056 'Quod
389 1964 420 2036 si
439 1963 595 2036 dubium
612 1966 683 2050 sit,
701 1991 748 2036 en
763 1989 809 2055 ⁸eo
822 1991 907 2038 casu
924 1961 1217 2064 litempros'ecu·

124 2091 147 2133 ιι
180 2076 287 2136 turus
316 2057 470 2148 suisset,
498 2087 621 2162 neque
650 2059 690 2136 id
719 2061 797 2134 utts
825 2062 1017 2161 diligentie
1046 2063 1218 2158 cognosci

124 2192 145 2228 a
181 2160 322 2259 possit,
341 2188 417 2233 non
431 2159 544 2234 teneri
559 2161 787 2234 Advocatum
806 2157 853 2233 ed
871 2161 1005 2234 domna
1021 2162 1225 2236 resarciena

93 2283 141 2328 “a
177 2259 244 2346 do,
259 2258 367 2332 docet
382 2259 489 2331 Bari.
507 2261 541 2331 d.
562 2262 626 2353 ric.
648 2284 705 2359 29.
720 2256 830 2351 Quisd
847 2262 979 2333 melior
990 2259 1036 2333 sit
1053 2259 1260 2334 conditior·

121 2390 141 2425 a
177 2356 419 2459 possidentis,
440 2357 529 2430 dum
545 2357 590 2429 de
607 2355 742 2430 daurno
764 2356 865 2431 illato
884 2386 960 2431 non
976 2372 1131 2431 cunstat.

180 2490 199 2525 ιι
229 2459 265 2530 5.
292 2459 329 2529 Si
349 2456 493 2529 clientis
518 2478 669 2529 causam
694 2455 820 2529 miniss
838 2455 1097 2558 probabilem,
1119 2455 1219 2531 dicat

123 2587 147 2624 ιι
179 2581 256 2628 esse
271 2554 423 2628 omnino
445 2562 576 2648 justam
595 2610 604 2643 ,
624 2570 771 2628 tenetur
788 2555 833 2627 de
852 2555 988 2630 damno
1004 2612 1013 2644 ‚
1032 2554 1215 2643 moliens,

72 2748 79 2757 .
125 2686 144 2721 a
179 2650 465 2750 coguitocausae
490 2652 1101 2754 dubio,nonfuissetlitigaturus.
1121 2653 1214 2725 Bon.

117 2758 149 2821 vn
177 2752 251 2827 Le.
362 2770 364 2777 '
432 2760 436 2769 ’

181 2884 199 2921 ιι
228 2852 268 2926 6.
294 2850 331 2924 Si
348 2848 387 2924 in
410 2872 603 2951 progressu
624 2874 743 2927 causae
764 2850 994 2951 iniquitatem
1014 2849 1133 2935 sidet,
1157 2866 1217 2923 te·

128 2979 150 3019 ιι
181 2965 288 3023 netur
307 2962 390 3024 mex
409 2975 558 3023 monere
577 2951 769 3036 clientem,
789 2948 1017 3035 etsuodere,
1036 2963 1078 3022 ut
1098 2946 1217 3022 desis·
1243 3000 1247 3009 ·

127 3079 145 3113 ι
180 3063 257 3137 tat;
285 3047 373 3121 oli-is
394 3048 441 3121 ad
462 3050 730 3122 restitutionem
759 3049 978 3121 damnorum
1005 3046 1215 3145 obligatum

125 3178 148 3216 ιι
179 3149 287 3248 quia,
307 3145 391 3220 cirm
404 3148 450 3219 sti
479 3149 589 3221 endio
607 3150 655 3221 sit
666 3146 898 3237 conductus,
917 3161 1060 3219 tenetur
1076 3173 1119 3219 ex
1135 3149 1218 3246 jus-

123 3278 143 3310 π
178 3249 257 3318 titia
272 3271 431 3318 mouere.
449 3170 564 3319 pm·
583 3248 605 3323 l.
622 3273 656 3320 ·c.
671 3248 802 3345 Neque
817 3258 955 3345 potest,
969 3244 1026 3318 vei
1041 3246 1140 3347 ipse,
1155 3243 1215 3320 ‘vel

100 3374 103 3381 ·
123 3375 146 3415 ιι
177 3346 298 3419 Judex
312 3343 469 3417 suadere
484 3346 788 3442 compositionem
817 3370 903 3427 cum
923 3342 1059 3417 damno
1079 3344 1217 3440 partis;

97 3454 100 3459 ’
123 3474 147 3514 ιι
180 3445 266 3542 quia
282 3442 500 3542 compositio
519 3469 593 3516 non
611 3443 722 3515 habet
738 3442 861 3516 iocum
877 3498 886 3533 ,
904 3443 974 3514 nisi
994 3438 1145 3542 quando
1159 3464 1217 3514 res

125 3572 148 3608 ιι
179 3556 235 3616 est
260 3540 384 3614 dubia.
400 3543 436 3614 Si
456 3541 543 3614 verit
564 3542 718 3623 inducet
736 3541 783 3614 ud
812 3540 1119 3627 transactionem,
1137 3539 1217 3611 sinc

124 3671 144 3703 u
177 3641 327 3721 damno,
347 3640 576 3739 deceptione,
594 3642 646 3727 vi,
667 3654 704 3712 et
722 3654 934 3728 metu,'non
949 3651 1115 3720 tenetur,
1130 3636 1218 3736 quia

124 3771 144 3803 ι
177 3738 276 3811 nulii
290 3738 377 3811 facit
388 3738 574 3836 iujuriam.
598 3739 635 3812 V
630 3739 678 3812 ol.
693 3734 918 3811 Azorcless.
932 3734 1060 3834 Laym.
1078 3734 1219 3839 Bonus.

123 3866 144 3901 u
174 3840 253 3910 Le.
308 3864 313 3871 ’

177 3967 196 4000 ι
230 3960 265 4029 7.
291 3935 375 4007 Non
396 3948 514 4031 potest
541 3933 708 4020 absolvi,
736 3935 800 4032 qui
827 3946 974 4032 paratos
1000 3943 1055 4003 est
1073 3930 1219 4030 quasvis
1287 3940 1295 3959 '

127 4069 148 4103 ιι
178 4060 308 4107 causas
340 4031 590 4107 defendendas
616 4035 816 4133 suscipere.
843 4030 944 4129 Soyr.
976 4029 1001 4102 l.
1041 4056 1082 4103 to
1108 4057 1142 4103 c.
1173 4031 1218 4103 23

129 4164 149 4204 u
177 4159 216 4208 η.
240 4138 292 4206 18.
855 4160 859 4169 ’

177 4264 196 4296 n
229 4234 263 4305 8.
290 4230 375 4304 Νοιι
398 4228 484 4301 licet
510 4227 754 4305 cumciicutc
784 4226 986 4301 convenire
1005 4223 1052 4300 de
1079 4212 1281 4326 pretid,„4
