2900 4675
205 416 207 423 ,
300 343 422 439 Capi·
441 344 531 435 Dub.
546 345 587 412 Π.
607 345 657 414 De
670 345 806 415 Peccata
821 352 855 415 in
871 368 1022 436 genere·
1059 384 1077 423 ,·
1129 344 1236 437 aap'

119 453 356 532 hossanna.
370 458 509 547 Boua,
528 456 608 551 ete.)
628 458 674 528 Hi
691 470 839 542 tenent,
858 456 1018 557 quodsi
1035 458 1118 558 quis
1131 459 1194 553 deq

119 552 266 628 lectatur
285 555 332 628 de
349 554 483 654 copula
504 580 591 628 cum
616 570 755 654 nupta,
778 582 852 629 non
875 558 960 656 quia
977 574 1112 657 nupta.
1129 556 1195 629 sed

121 654 199 751 quia
218 653 350 727 molier
366 652 520 753 pulchra
538 668 594 725 est
608 709 617 739 ,
631 666 703 727 etc.
721 680 794 727 non
812 654 997 728 contrahit
1013 656 1194 729 malitiam

117 750 301 841 adulterii;
319 752 594 827 circumstantia
617 755 714 823 enim
737 752 908 827 adulterii
931 769 1019 826 tunc
1039 781 1114 826 non
1132 755 1194 843 in-

101 860 181 931 =trat
200 850 236 922 in
256 850 539 923 delectationem
559 902 573 931 ,ι
600 848 740 923 idcircb
766 851 907 922 tantiam
927 856 1092 939 castitas,
1115 879 1193 927 noa

114 947 243 1044 iustitia
262 948 423 1023 taeditur.
445 952 492 1022 Et
516 948 614 1023 idem
634 948 724 1022 dicit
753 946 995 1047 probabiliter
1016 949 1142 1023 Tarnb.
1163 950 1198 1023 si

114 1045 191 1143 quis
207 1045 336 1122 affectu
349 1072 504 1119 venereo
517 1048 618 1129 ‚sine
631 1046 814 1123 desiderio
829 1103 838 1131 ,
856 1042 1010 1146 irruptam
1028 1048 1193 1146 aspiciat.

111 1143 186 1215 Hoc
202 1159 325 1219 tamen
344 1172 419 1220 non
436 1145 621 1227 obstante,
643 1143 748 1217 valde
764 1146 856 1217 milri
877 1148 997 1244 piacet
1012 1145 1049 1218 id
1064 1204 1072 1233 ,
1090 1147 1195 1244 quod

112 1241 159 1312 ait
174 1242 284 1318 Holz.
311 1261 336 1316 t.
361 1273 370 1317 t
395 1272 432 1341 p.
455 1244 528 1318 316
547 1270 585 1318 rr.
604 1242 688 1341 698.
705 1245 855 1345 nempe,
869 1242 1002 1345 quod,
1026 1246 1111 1317 licet
1131 1272 1195 1316 ra-

112 1340 205 1413 tione
227 1341 481 1437 delectationis
510 1344 654 1414 nonsit
685 1342 862 1440 obligatio
889 1342 1098 1440 explicandi
1118 1343 1194 1417 cir-

108 1445 365 1515 cumstantiam
383 1439 636 1523 adulterinas
657 1442 834 1514 tamenin
856 1440 1194 1541 praxi'explicauda

110 1536 245 1612 ratione
278 1538 433 1636 periculi
462 1539 618 1639 proximi
640 1541 933 1639 concupiscendi
948 1548 961 1631 (
976 1540 1105 1612 satiem
1132 1543 1194 1612 in·

109 1634 315 1733 efficaciter)
330 1637 523 1711 mulierem
543 1636 644 1710 illam
659 1640 834 1734 nuptam,
854 1638 890 1709 in
905 1637 1006 1735 quud
1021 1639 1197 1737 se.conii-‘

108 1731 166 1815 eit,
182 1739 243 1834 qui
261 1736 309 1809 de
322 1761 362 1809 ea
374 1734 590 1810 delectatur.
607 1735 709 1807 Nulli
725 1735 810 1807 verb
824 1735 1086 1835 dubiunr,quiu
1098 1740 1197 1808 com'·

106 1834 276 1911 mittatur
295 1833 538 1919 adulterium,
564 1834 870 1933 quotiescumque
897 1830 1076 1921 habeatur
1101 1862 1194 1932 gaus

107 1930 216 2021 dium,
232 1960 302 2006 seu
323 1934 589 2033 complacentia
612 1931 659 2003 de
676 1933 811 2031 copula
824 1930 960 2015 habita,
972 1931 1031 2003 nel
1045 1933 1192 2004 deside-

103 2027 196 2109 rium
209 2029 254 2103 de
276 2032 411 2132 copula
422 2030 591 2103 habenda
607 2057 691 2103 curn
705 2035 915 2128 conjugata,
928 2031 1014 2130 quia
1029 2047 1117 2111 tunc
1134 2056 1194 2115 ro,-

104 2124 220 2203 luntas
233 2157 251 2201 a
264 2132 600 2229 mplectiturtotum
614 2127 802 2224 objectum
816 2154 966 2226 pravum
980 2124 1065 2200 cum
1077 2129 1193 2203 omrai·

107 2223 172 2298 bus
188 2230 266 2300 suis
287 2228 575 2302 circumstantiis
593 2281 602 2314 ,
618 2227 750 2303 neceb
768 2227 840 2299 illis
870 2225 1112 2324 praescindere
1130 2253 1193 2326 po·

109 2336 199 2409 test,
227 2324 316 2401 ideb
347 2355 391 2401 ue
419 2330 648 2410 castitatem,
670 2343 703 2399 et
733 2327 908 2425 justitiam
933 2324 1046 2399 laedit.
1069 2327 1192 2411 Item,

108 2425 137 2508 si
168 2429 249 2523 quis
281 2353 488 2500 delectetur
515 2424 561 2498 de
590 2425 724 2524 copula
754 2425 984 2498 sodomitica.
1015 2424 1108 2496 Item
1131 2423 1193 2514 ‚si

110 2541 278 2620 personag
299 2551 382 2625 quae
396 2524 622 2608 delectatur,
640 2526 686 2596 sit
702 2540 786 2597 voto
805 2523 980 2597 castitatis
998 2521 1194 2611 obstricta,

109 2622 213 2695 etilm
225 2638 356 2698 contra
369 2637 493 2697 votum
504 2637 643 2720 peccat.
655 2624 746 2696 Haee
760 2638 847 2696 suut
863 2637 1056 2694 eertacum
1067 2622 1103 2692 T
1097 2621 1192 2696 amb.

107 2718 191 2794 Dec.
206 2723 230 2795 l.
254 2748 344 2797 roc.
365 2724 387 2795 3
407 2748 451 2794 ex
466 2748 502 2792 u.
520 2748 552 2794 α.
574 2722 675 2818 apud
690 2747 827 2793 omnes.
1174 2777 1178 2784 .

155 2849 175 2888 a
200 2821 311 2918 Resp.
337 2821 374 2894 Si
399 2821 615 2893 terminetur
643 2820 681 2890 id
701 2821 900 2915 cogitatum
931 2843 1025 2917 opus
1053 2815 1191 2900 malum
1206 2836 1237 2889 to

104 2938 126 2982 a·
152 2918 364 2996 secundnm
385 2945 423 2992 se
440 2975 449 3006 ‚
466 2934 520 2990 est
540 2932 732 3018 peccatum
754 2916 926 2997 mortale„
945 2915 1003 2987 vel
1024 2917 1193 3005 vernale„

106 3041 125 3082 s
151 3015 264 3114 proiit
283 3018 407 3114 ipsum
420 3017 700 3116 opusmortalc,
717 3015 775 3089 vel
791 3012 928 3089 veniale
942 3030 1007 3087 est.
1025 3016 1079 3088 ln
1096 3040 1194 3088 com.
1287 3073 1293 3086 .

105 3115 692 3214 netrD.Tlr.r.2qtapurt.8.
1028 3138 1030 3142 ’
1166 3137 1202 3184 .·

156 3240 176 3277 t<
201 3216 287 3285 Duri
304 3270 313 3302 ‚
331 3215 521 3285 secundnm
542 3239 582 3284 se
597 3241 608 3282 .·
626 3215 712 3311 quia
729 3212 760 3285 si
782 3210 977 3285 delectatio
991 3213 1033 3285 lit
1048 3210 1192 3284 tantinn
1205 3247 1232 3300 η

103 3336 120 3373 t
151 3310 196 3383 de
216 3314 299 3407 ipsa
322 3311 562 3411 cogitatione,
585 3337 662 3383 non
678 3325 801 3384 autem
822 3311 868 3384 de
888 3333 1024 3408 opere,
1045 3337 1118 3383 non
1139 3323 1196 3388 est

103 3435 120 3471 ι
150 3426 373 3507 peccatum,
394 3411 479 3508 quia
510 3408 608 3482 siciit
631 3411 831 3507 cogitatio,
862 3435 895 3483 v.
927 3435 980 3505 gr.
1009 3405 1192 3488 derebus
1298 3457 1300 3462 ,

106 3534 126 3573 u
153 3507 364 3593 obscoenis'‚
383 3513 419 3579 in
442 3507 572 3582 ordine
584 3507 632 3580 ad
648 3507 881 3597 docendum,
900 3506 957 3579 vel
973 3507 1194 3581 concionari·

105 3631 122 3668 υ
152 3606 245 3680 dum
260 3665 269 3690 ,
290 3623 362 3681 etc.
382 3606 479 3681 bona
501 3621 577 3692 nst.¹
596 3608 767 3704 cogitatio
783 3620 906 3680 autern
922 3605 969 3677 tle
985 3601 1117 3678 iisdem
1132 3630 1193 3683 re·

104 3731 122 3766 a
151 3702 222 3777 bus
243 3732 286 3778 ex
307 3707 517 3782 curiositate
541 3720 596 3778 est
624 3705 720 3777 mala
745 3703 968 3778 venialiter:
993 3706 1040 3775 ita
1057 3728 1194 3777 conse·

106 3831 123 3865 ι
153 3805 314 3902 quenter
334 3803 529 3886 delectatio
546 3802 591 3884 de
610 3802 674 3886 tali
688 3803 906 3900 cogitatione
923 3799 1194 3902 tamquamob·

105 3928 125 3967 a
151 3905 278 3999 jecto,
300 3930 374 3976 uun
394 3917 448 3976 est
469 3900 586 3985 mala,
605 3900 672 3974 sed
689 3900 915 4002 quandbqne
931 3900 1052 3987 bona,
1076 3925 1194 3999 quan·

104 4023 124 4066 a
154 4000 282 4101 dbqne
295 4001 484 4084 venialiter
498 4000 606 4082 mala.
634 4035 653 4067 n

156 4099 238 4180 Alia
255 4100 433 4197 igiturest
444 4099 641 4176 delectatio
661 4097 706 4172 de
722 4123 833 4199 opere
846 4095 970 4182 malo,
987 4097 1035 4180 itt
1051 4111 1196 4195 utopus

108 4197 248 4269 malum
273 4203 318 4271 sit
336 4197 528 4297 objectum
550 4197 835 4282 delectationis,
868 4221 950 4294 quae
977 4219 1121 4295 semper
1139 4208 1193 4268 est

104 4294 386 4400 materialiaest
405 4296 668 4382 delmaticae
679 4297 906 4399 'cogitatione
924 4294 1062 4398 obiecti
1079 4291 1195 4391 mali,¹
