2900 4675
231 319 233 323 Α
277 290 359 386 cap.
375 244 538 365 mnus
555 294 616 366 rr.
632 293 682 362 ne
698 293 837 364 suras
853 293 1131 364 officrssaeunr.
1179 267 1241 362 '155

208 431 230 470 s
257 403 374 482 Testis
391 421 522 507 peccat
555 433 585 480 r.
608 406 645 479 si
664 406 846 493 affirmet,
866 406 968 506 quod
982 408 1135 504 ignorat.
1154 431 1188 478 a:
1203 406 1299 487 sisa·

154 530 176 566 a
207 504 414 592 veritatem,
442 531 554 606 quam
583 503 743 579 debebat
771 505 915 592 celare,
934 508 1082 604 aperiat.
1097 507 1134 578 3.
1149 504 1185 575 Si
1203 528 1243 576 se

156 627 177 665 a
210 600 404 688 occultet,
423 630 471 677 ne
502 617 672 701 rogetur,
689 630 776 677 casu
794 628 870 703 quo
891 617 1034 676 tenetur
1053 602 1186 676 testari.
1202 603 1241 694 d.

156 726 177 763 a
210 699 248 770 Si
265 700 389 775 Judici
416 699 510 776 ‘uste
524 702 765 799 interroganti
780 729 856 775 non
875 701 1034 775 obediat.
1051 702 1088 775 5.
1108 702 1144 774 Si
1158 725 1245 800 pre·

154 820 176 893 ².
209 797 303 870 tium
347 825 387 872 ro
402 730 557 874 <licendo
572 803 722 874 veritate
739 801 944 900 accipiat·
1176 855 1178 860 -

209 894 282 968 Sed
311 827 501 971 ‹llo-bimur
536 926 565 972 r.
593 901 653 972 An
679 912 960 999 peccet-contra
980 896 1181 996 justitiam,
1206 908 1245 969 et

154 1005 328 1068 teneatur
344 995 391 1068 ad
411 998 678 1070 restitutionem
691 997 813 1081 testis,
833 997 897 1096 qui
912 1022 951 1070 se
965 995 1182 1080 abscondit,
1195 1019 1244 1066 ne

157 1090 296 1166 citetur
321 1095 519 1184 a‘Judice?
535 1094 730 1169 Affirmant
747 1094 853 1167 Sotus
877 1096 922 1166 de
948 1095 1053 1170 Just.
1064 1095 1087 1164 l.
1108 1093 1129 1166 5
1146 1116 1204 1191 qu.
1221 1115 1247 1190 7

155 1205 227 1261 art.
250 1217 263 1263 ι
283 1206 318 1263 et
329 1185 396 1263 dlii
404 1194 502 1286 apud
512 1193 611 1291 Lago
626 1194 675 1267 D.
687 1194 737 1293 39
751 1220 788 1265 n.
803 1195 839 1286 4.
853 1193 924 1265 Sed
932 1187 1252 1277 communissimb,

159 1300 203 1360 et
218 1287 339 1362 veribs
356 1305 491 1388 negant
508 1290 608 1364 idem
626 1291 769 1389 Lagon.
781 1291 816 1365 5.
831 1291 933 1363 Lars.
949 1292 971 1362 l.
990 1314 1012 1360 2
1028 1311 1058 1360 c.
1077 1288 1122 1360 3ο
1135 1289 1246 1363 ass.

156 1409 243 1459 cum
261 1384 383 1463 Salon.
401 1404 438 1460 et
452 1391 580 1461 Perna
595 1442 606 1477 ,
622 1415 666 1461 ac
682 1388 870 1462 Boooctiru
883 1390 927 1459 de
943 1390 980 1461 8.
1000 1387 1177 1460 Proust
1190 1412 1247 1461 ro.

157 1508 222 1583 qu.
245 1483 266 1555 3
287 1512 328 1583 p.
350 1486 426 1562 312.
452 1511 507 1560 ra.
525 1513 605 1561 com
629 1487 767 1561 Novar.
785 1486 866 1559 Fill.
895 1488 1018 1560 Bona.
1037 1486 1128 1559 Res.
1144 1485 1246 1579 Sarra

157 1595 200 1651 et
214 1582 307 1658 alri's.
334 1583 455 1670 Ratio,
477 1585 564 1684 quia
590 1584 682 1658 licet
697 1585 812 1685 possit
829 1583 893 1657 ille
926 1584 1079 1683 graviter
1094 1607 1248 1681 peccare

158 1693 291 1753 contro
310 1683 466 1781 proximi
483 1683 722 1769 charitatem,
739 1708 815 1755 non
834 1697 956 1755 tamen
976 1698 1103 1779 peccat
1118 1678 1247 1777 contra

159 1778 364 1876 justitiam,
383 1807 470 1854 cum
483 1806 594 1854 nemo
607 1793 775 1855 teneatur
793 1793 974 1880 praecepto
989 1779 1247 1880 Superioribus

159 1877 318 1978 parere,
338 1884 534 1979 antequem
553 1880 587 1952 ei
603 1879 827 1978 imponatur.
1250 1943 1252 1946 ,

212 1974 414 2050 Dubitatur
442 2004 478 2051 2.
508 1980 566 2052 An
584 1991 751 2050 teneatur
768 1977 814 2049 ad
833 1975 1102 2051 restitutionem
1123 1976 1249 2060 testis,

192 2074 230 2146 ui
249 2073 341 2172 fugit
382 2088 440 2148 ost
456 2077 667 2150 citationem
683 2074 906 2150 iAllirmant
921 2074 1027 2147 Solus
1042 2073 1247 2148 hadrach.

159 2098 274 2244 gons.
292 2176 315 2246 l.
345 2101 380 2247 dl
393 2201 424 2246 c.
447 2173 567 2248 trab.
595 2175 617 2247 3
649 2199 686 2247 n.
718 2178 754 2266 4.
772 2173 861 2246 item
887 2172 1249 2260 NorunAzonFill.

156 2266 287 2343 Salon.
305 2287 341 2344 et
358 2272 446 2371 fleg.
465 2274 562 2370 apud
573 2271 714 2345 Bonos.
732 2273 757 2345 l.
775 2297 807 2346 c.
826 2299 866 2348 n.
891 2271 947 2347 13.
962 2271 1056 2363 Quia
1076 2295 1120 2344 eo
1141 2270 1249 2369 ipso,

191 2394 240 2440 uo
254 2370 356 2443 testis
371 2384 425 2443 est
444 2372 572 2451 citatus
587 2370 600 2458 ,'
616 2385 763 2443 tenetur
777 2396 822 2447 ex
841 2371 977 2467 justitia
993 2370 1250 2443 testimouium

163 2394 289 2540 licere
302 2476 318 2538 'z
334 2466 450 2540 Probt
468 2469 506 2542 Si
532 2468 651 2543 ludex
681 2469 848 2568 praecipit
869 2468 979 2542 alicui
1000 2523 1010 2552 ,
1032 2482 1073 2541 ut
1090 2467 1252 2568 proferat

162 2566 387 2664 scripturam
411 2566 458 2638 ad
478 2594 628 2640 causam
656 2568 927 2666 pertinentem,
948 2580 1093 2640 tenetur
1109 2568 1188 2663 ipse
1204 2592 1250 2640 ex

165 2665 304 2761 iustitia
337 2664 439 2737 illam
474 2665 793 2750 exhibere,.attts
822 2664 931 2737 debet
959 2664 1136 2737 damnum
1154 2664 1251 2762 parti

167 2765 369 2836 restituere.
399 2763 543 2862 Negant
570 2762 660 2836 verb·
694 2762 929 2836 communibs
956 2777 993 2834 et
1020 2761 1250 2860 probabilibs

165 2857 266 2933 idem
285 2860 383 2957 Lugo
409 2863 432 2934 l.
454 2887 540 2935 an.
561 2860 596 2936 5.
628 2877 666 2933 et
680 2861 771 2933 Mol.
799 2862 847 2932 D.
875 2859 923 2932 83
951 2889 983 2933 ν.
1005 2861 1061 2931 De
1085 2876 1194 2949 teste,
1214 2874 1252 2932 et

89 3002 93 3007 -
161 2957 360 3058 probabile
381 2973 512 3057 putant
526 2959 713 3033 Benaciria
731 2985 767 3030 n.
787 2958 841 3031 13.
861 2984 905 3029 ac
921 2958 1023 3033 Less.
1038 2983 1077 3029 n.
1094 2957 1153 3057 59.
1171 2984 1253 3030 cum

159 3056 259 3153 Sylr.
277 3084 310 3128 ν.
332 3057 471 3148 Testis,
489 3083 527 3143 n,
545 3060 582 3130 8.
601 3059 728 3143 Ratio,
750 3058 836 3156 quia
857 3056 986 3135 citatio
1004 3055 1069 3128 illa
1088 3082 1162 3130 non
1181 3059 1253 3130 tm«

193 3157 275 3228 onit
297 3152 561 3255 obligationem
581 3156 752 3253 justitiae,
775 3154 839 3227 sed
857 3154 1000 3228 tantiam
1018 3154 1258 3228 obedientiae..

78 3279 82 3285 ·
184 3255 245 3329 'eo
263 3252 382 3328 obstat
398 3257 533 3354 paritas
550 3253 661 3325 allata
675 3253 866 3351 scripturae
884 3253 1113 3349 proferendae
1132 3282 1141 3322 ε
1164 3280 1253 3326 nam

159 3349 264 3428 beot
279 3351 479 3452 respondet
494 3352 662 3439 Lessrits,
681 3350 784 3450 quod
800 3352 982 3451 scriptura
1000 3351 1062 3424 illa
1080 3352 1159 3423 sine
1178 3352 1253 3423 du-

160 3450 232 3525 bio
250 3476 293 3523 ex
318 3450 457 3549 justitia
473 3450 627 3550 proferri
643 3450 796 3535 debeat,
817 3449 903 3521 cinn
915 3450 963 3524 sit
977 3476 1032 3522 res
1044 3464 1190 3521 externa
1205 3449 1253 3522 de

162 3574 244 3649 qua
271 3547 447 3647 Respubl.
468 3548 565 3649 juste
589 3562 708 3647 potest
727 3548 947 3644 disponere,
967 3545 1063 3620 sicbt
1095 3546 1142 3618 de
1172 3542 1253 3619 aliis

161 3646 277 3721 bonis
295 3648 463 3733 Civium,
492 3644 642 3746 qusndb
670 3659 815 3743 oportet
842 3644 887 3717 sd
906 3649 963 3745 jus
978 3644 1131 3737 illorum
1144 3658 1254 3718 tuen-

107 3816 111 3821 .
165 3744 261 3820 dum
279 3775 286 3816 :
308 3744 393 3821 Non
408 3748 459 3817 sic
475 3745 521 3818 de
536 3742 760 3842 obligatione
776 3742 1008 3833 testificandi.
1118 3810 1120 3815 .

218 3843 418 3916 Dubitatur
443 3844 477 3917 3.
508 3846 565 3916 An
583 3857 752 3917 teneatur
771 3841 819 3914 ad
846 3842 1112 3915 restitutionem
1126 3838 1256 3914 damni

164 3944 269 4017 testis
283 3944 386 4039 ,·qui
415 3941 576 4038 legitime
605 3941 846 4038 interrogatus
878 3946 896 4011 t
916 3940 1047 4013 Jurlice
1063 3940 1259 4012 veritatem

165 4039 360 4117 occultat?
388 4041 539 4125 Certum
558 4054 612 4111 est
638 4039 755 4112 teneri
770 4097 780 4126 ,
797 4040 826 4114 si
859 4040 934 4136 ipse
950 4037 1100 4138 positive
1119 4037 1256 4110 salsum

78 4238 82 4239 ⁷
168 4140 332 4243 deponat
351 4140 450 4217 circa
463 4139 626 4229 factum,
645 4152 735 4241 puta
748 4140 780 4214 si
796 4138 912 4238 dieat,
926 4162 965 4212 se
982 4137 1141 4214 domum·
1154 4134 1262 4211 Petri.
