2900 4675
256 219 336 355 ¹9¹²*
436 267 514 335 Lih.
531 265 576 337 V.
595 268 644 333 De
659 253 791 334 Actibus
809 261 966 333 Humanis
983 268 1017 333 iu
1035 287 1163 355 gauere.
1255 323 1263 336 ,
1371 319 1379 336 ,

246 401 331 473 gere
348 365 364 462 ‚¹
375 391 414 447 ut
436 377 522 449 beni
543 393 677 474 ageret:
689 375 768 449 Hac
786 376 991 474 ignorantia
1019 376 1191 450 laborant
1211 358 1347 476 ii,qui

253 475 336 546 data
356 479 486 574 opert,
503 501 571 546 nec
586 476 782 548 consilium
802 487 933 574 petunt
950 477 989 547 in
1000 475 1123 549 dubiis
1143 499 1237 561 ,nec
1250 499 1349 547 con-

252 574 376 646 ciones
393 588 428 644 et
442 573 648 646 catecheses
666 574 804 645 adeunt
821 630 831 661 ,
853 575 949 644 neiu
962 573 1099 646 maiam
1119 572 1231 646 fidem
1246 571 1349 645 inci·

252 672 354 761 dant,
369 686 404 743 et
418 676 514 742 tsuo
528 672 729 770 propositio
743 670 1028 744 absterreantur.
1038 667 1351 770 Ignorantiatitdi·

250 775 341 840 recte
354 769 563 852 voluntariis,
579 795 642 854 seu
660 791 781 841 crassa
791 781 868 853 est,
882 767 1033 868 quando
1047 772 1129 869 quis
1146 794 1224 843 non
1241 765 1351 840 affec·

251 879 304 938 tat
318 866 485 964 ignorare
500 924 509 960 ‚
525 866 590 938 scd
601 865 758 964 'negligit
771 864 960 942 addiscere
973 892 1039 964 aa„
1057 893 1142 968 quae
1159 869 1253 939 scira
1272 891 1351 964 po·

251 976 340 1053 test,
356 978 392 1036 ct
411 961 534 1036 dehet.
554 966 605 1037 Et
622 964 830 1037 secundnm
846 963 948 1037 hunc
965 965 1116 1038 modum
1134 963 1347 1064 ignorantia

252 1064 516 1136 universalium
531 1065 651 1161 juris,
678 1088 761 1166 quae
785 1064 867 1166 quis
892 1065 985 1136 scire
1008 1078 1153 1148 tenetur
1208 1061 1353 1134 dicitur

253 1160 484 1250 voluntaria,
513 1159 617 1259 quisi
643 1118 1352 1260 proveniensa·ncgligcntia.·I'andcm

249 1258 460 1355 Ignorantia
481 1258 582 1329 malo
601 1258 780 1330 electionis
792 1271 848 1332 est
863 1257 949 1343 iila,
969 1285 1050 1358 quae
1069 1274 1154 1332 actu
1170 1283 1246 1330 non
1260 1281 1354 1329 con·

251 1355 407 1440 siderata
422 1354 591 1457 quodhic
605 1371 643 1430 et
657 1381 758 1430 nunc
769 1356 1002 1430 considerare
1013 1371 1153 1460 potest,
1165 1354 1323 1430 etdetet
1335 1408 1355 1448 ⁸

250 1469 287 1526 ct
304 1456 472 1551 provenit
489 1479 532 1526 ex
553 1455 719 1553 passione
738 1510 749 1541 ‚
770 1455 827 1527 val
845 1479 890 1527 cx
910 1455 1054 1530 ha'bitn.

297 1552 507 1651 Ignorantia
521 1553 812 1626 Antecedcnsest
823 1552 908 1639 illa,
924 1578 1008 1654 quae
1023 1551 1176 1626 omninb
1193 1563 1353 1626 antece·
1378 1615 1381 1619 .

253 1649 308 1722 dit
323 1649 544 1724 consensum
556 1649 837 1741 voluntatis‚'ita
857 1667 898 1724 ot
913 1651 1019 1724 nulio
1034 1651 1144 1724 modo
1157 1652 1204 1723 sit
1218 1650 1355 1742 volun·

252 1750 363 1837 taria,
384 1765 420 1822 et
438 1764 562 1823 tamen
579 1764 634 1823 est
657 1775 766 1822 causa
784 1748 931 1824 volendi
953 1749 1013 1833 id,
1032 1749 1143 1864 qnod'
1155 1749 1244 1822 alias
1261 1775 1345 1825 nou

251 1847 362 1920 vallet
379 1850 407 1922 si
437 1848 567 1944 sciret,
589 1862 675 1947 puta
704 1874 791 1921 cum
817 1846 862 1920 ali
894 1847 949 1921 nis
969 1847 1133 1921 adhibiti
1150 1846 1350 1947 diligentia

252 1946 424 2019 interficit
439 1945 648 2036 hominem,
670 1972 783 2046 quem
798 1875 917 2019 crciit
939 1970 1017 2020 esse
1036 1946 1164 2020 feram.
1185 1945 1275 2019 Haec
1291 1947 1354 2044 ig*

252 2046 425 2118 uorantia'
446 2044 657 2159 appellatur
683 2046 794 2118 etiam
813 2043 1043 2118 Ioviuct'bilt's.
1061 2046 1115 2118 De
1134 2045 1205 2117 hac
1217 2059 1351 2120 tamen

251 2139 460 2240 ignorantia
473 2141 680 2216 invincibili
697 2196 707 2231 ,
724 2142 822 2216 sicut
837 2156 875 2220 et
892 2141 939 2215 de
955 2143 1164 2242 Ignorantia
1177 2142 1350 2218 vincibili

255 2239 317 2313 hic
337 2267 413 2313 non
429 2239 621 2340 loquimur
638 2296 649 2324 ‚
669 2239 757 2340 q'uin
782 2241 829 2313 dc
848 2242 892 2314 iis
913 2266 1120 2314 sermonem
1133 2240 1289 2315 fecimus
1307 2242 1353 2317 in

252 2337 373 2415 Tract.
388 2340 433 2410 de
450 2340 662 2413 Conscient.
683 2356 721 2413 n:
743 2363 780 2438 7.

300 2437 456 2512 XXVII.
473 2440 564 2517 Dico
588 2454 630 2511 t:
642 2437 745 2537 quod
757 2437 966 2537 Ignorantia
978 2437 1204 2513 Antecedcns
1217 2452 1348 2512 causet

252 2535 779 2635 st'mplt’ct'terlnvoluntarium,
798 2538 884 2637 quia
904 2535 1008 2610 nullo
1024 2534 1134 2609 modo
1146 2550 1201 2609 est
1210 2536 1346 2623 volita,

253 2648 290 2707 ct
306 2634 386 2709 veri
402 2633 630 2709 Invincibilis
647 2694 658 2723 ,
684 2634 787 2738 quod
811 2634 915 2708 nulli
936 2633 1066 2709 morali
1082 2635 1148 2707 dili
1173 2636 1272 2707 eutii
1288 2662 1351 2708 cu·

254 2736 372 2830 parari
392 2737 528 2831 possit.
548 2731 707 2833 ideoque
726 2748 783 2808 est
799 2731 1053 2833 inculpabilis.
1073 2732 1127 2806 Ita
1143 2662 1223 2807 bt).
1244 2758 1352 2807 com·

252 2833 423 2904 munitor.
446 2833 583 2905 Utrbm
601 2832 687 2904 verb
698 2830 778 2906 dari
796 2831 912 2944 possit
927 2832 1135 2931 Ignorantia
1152 2830 1350 2930 hujusmo·
1438 2886 1439 2929 ;

252 2929 291 3001 di
310 2929 531 3004 invincibilis
561 2929 607 3001 dc
638 2944 832 3029 praeceptts
853 2930 952 3003 Juris
975 2928 1151 3003 naturalis
1167 2940 1179 3013 ,'
1210 2928 1348 3005 saltim

252 3027 298 3101 de
314 3027 616 3103 conclusionibus
629 3028 826 3117 mediatis,
843 3026 926 3101 vide
943 3040 1142 3121 tractatum
1164 3026 1212 3099 dc
1240 3029 1351 3103 Con·

251 3127 415 3200 scicntia.
551 3150 557 3165 '
895 3150 903 3161 “

299 3222 470 3299 XXVIII.
481 3226 572 3299 Dico
586 3250 616 3309 2,
629 3224 731 3325 quod
740 3225 948 3324 Ignorantia
958 3223 1209 3298 concomitans
1221 3250 1350 3322 neque

249 3322 358 3396 saciat
373 3324 410 3393 V
406 3324 627 3409 clamoribus,
645 3348 765 3423 neque
779 3323 1069 3398 Incoluntun'um.
1080 3322 1176 3413 Quia
1188 3322 1269 3399 haec
1285 3325 1353 3423 Ig-

251 3422 421 3495 uorantia
443 3446 590 3521 ,neque
602 3420 802 3495 inducitad
823 3421 1024 3495 volendum
1040 3477 1050 3507 ,
1067 3420 1249 3519 nequead
1270 3446 1353 3496 nou
1374 3430 1388 3441 “

250 3520 455 3594 volendum
475 3576 484 3605 ‚
507 3546 628 3620 neque
647 3535 702 3594 cst
729 3546 838 3597 causa
857 3576 868 3604 ,
888 3543 1010 3620 nequo
1030 3517 1181 3597 effectus
1205 3516 1352 3591 volun·

249 3621 335 3693 tatis
350 3622 535 3719 operantis
554 3676 563 3707 ‚
587 3618 652 3690 scd
670 3642 737 3719 pet·
761 3617 932 3691 accidens
945 3644 984 3692 sc
1003 3616 1114 3689 habet
1130 3615 1204 3689 sirie
1219 3615 1266 3689 ad
1282 3642 1349 3689 ac·

250 3718 537 3791 tumvoluntatis
553 3773 562 3805 ,
577 3717 650 3790 sivi
667 3716 715 3790 ad
728 3743 839 3817 opus,
854 3718 955 3815 quod
971 3716 1103 3814 agitur.
1114 3712 1246 3791 sotum
1262 3715 1342 3788 dici

251 3829 392 3915 potest,
410 3813 510 3916 quod
534 3814 644 3889 faciat
666 3840 741 3888 non
757 3814 982 3888 voluntarium
1009 3837 1115 3902 ,non
1137 3813 1238 3886 enim
1265 3839 1350 3893 esso

251 3928 469 4013 potestgactu
482 3910 658 4003 volitum,
701 3912 774 3986 uod
787 3914 996 4013 ignoratum
1007 3926 1075 3986 cst.
1085 3914 1138 3985 tta
1152 3912 1190 3985 S.
1205 3910 1347 3986 Thom.

256 4036 285 4083 r.
305 4036 326 4082 2
346 4034 383 4125 g.
396 4010 421 4082 6
433 4038 486 4088 ar.
508 4018 545 4103 8,
561 4011 656 4113 Sylt.
672 3940 804 4090 bonet.
821 4008 1061 4107 (Ionthonr²
1074 4009 1212 4114 aliique
1232 4020 1345 4095 com-‘r

248 4126 424 4188 munitet.
