2900 4675
214 276 298 370 Cap.
314 277 373 345 tlt.
392 274 479 344 Dnb.
496 275 542 356 V.
558 276 609 344 De
624 274 716 345 Statu
730 291 766 345 et
780 274 897 376 Obicio
910 273 1062 345 Secular.
1123 278 1182 347 141

150 388 336 482 Quaeritur
350 388 438 462 hinc
451 386 513 460 VI.
525 390 584 461 An
597 389 670 461 sint
683 386 934 462 denunciandi
949 388 1028 462 blas
1059 387 1157 462 berni
1172 389 1244 466 tm

96 485 412 587 Distinguendum
428 488 522 579 :Qui
541 487 735 586 proferunt
752 487 1022 588 blasphemiam
1032 417 1187 561 baereti-

97 582 245 671 celem,
265 586 364 660 certe
379 584 625 659 denuntiandi
640 600 739 661 sunt.
757 583 830 658 Sed
848 585 911 658 hic
930 586 1084 660 advertit
1105 585 1187 657 Po-

94 698 191 754 testa
205 709 244 759 n.
262 708 348 782 219,
363 683 464 783 quod
482 707 725 783 prorumpens
739 682 1059 784 inblespbemiam
1074 683 1189 759 baere·

95 780 268 868 ticalcm,
284 807 360 855 uon
375 782 600 856 advertendo
616 783 661 855 ad
672 782 997 881 significationem,
1015 807 1088 856 non
1103 806 1191 883 pec·

97 893 157 952 cet
222 882 334 954 ariter
347 921 363 970 ,·
377 878 535 980 ideisque
551 906 619 954 nec
634 880 931 955 denunciandus.
952 880 1063 954 Secirs
1081 879 1190 974 verb,

96 977 126 1058 si
143 974 170 1048 b
191 977 385 1079 aspbemet
411 979 622 1069 advertens,
640 977 812 1079 quamvis
827 1005 870 1052 ex
896 981 973 1052 ira:
995 981 1081 1079 quia
1099 994 1191 1054 tuno

98 1077 174 1246 ‘pm
197 1078 254 1150 -fit
279 1076 407 1151 saltem
435 1094 628 1177 suspectus
655 1078 702 1152 de
732 1078 814 1151 levi.
840 1076 1025 1152 Caeterirm
1050 1077 1192 1177 proba-

124 1173 230 1249 iliter
255 1176 395 1249 Bonas.
423 1177 446 1248 I.
460 1202 490 1250 e.
508 1190 604 1273 port.
628 1203 640 1251 1
669 1175 725 1273 §8
747 1202 784 1253 n.
804 1175 826 1249 5
844 1174 880 1247 in
895 1177 995 1270 fine,
1022 1191 1058 1248 et
1074 1177 1190 1249 Hono.
1235 1219 1238 1225 ·

94 1298 181 1370 pag.
219 1298 284 1373 ¹7⁰
305 1300 343 1373 q.
372 1276 409 1368 4.
425 1275 563 1348 Rest.3
587 1300 664 1347 cum
684 1274 823 1346 Novar.
841 1289 905 1346 etc.
933 1273 1089 1362 dicunt,
1112 1299 1192 1348 non

99 1392 181 1443 csse
208 1371 508 1460 denunciandos,
526 1398 619 1471 qnos
634 1386 779 1446 constet
803 1369 908 1472 lapso
936 1370 1073 1472 lingue
1092 1396 1193 1446 erro·

95 1493 179 1541 rem
201 1470 424 1572 protulisse,
451 1485 489 1544 et
515 1469 603 1562 huic
622 1470 794 1545 videntur
813 1470 984 1568 expresse
1003 1471 1193 1550 adhaerere

99 1565 215 1641 Salm.
235 1570 279 1640 de
299 1597 328 1643 ι.
341 1569 518 1668 ιΡηειιεμι.
534 1596 566 1644 c.
584 1570 606 1642 3
622 1594 658 1642 n.
681 1593 745 1669 ¹⁰7
763 1567 827 1642 nbi
840 1574 965 1665 ajunt,
979 1569 1028 1643 ad
1047 1569 1193 1668 obliga·

100 1665 247 1740 tionem
271 1666 560 1740 denuntiationis
587 1669 727 1769 requiri
786 1667 1000 1741 estinacisrn
1033 1667 1193 1741 bominis

100 1762 370 1839 denunciandi.
385 1764 465 1838 lmb
479 1765 667 1850 Sanclrez,
685 1694 790 1838 Truli.
809 1781 875 1838 etc.
888 1781 1013 1840 coneo
1025 1764 1135 1840 Salm.
1145 1763 1194 1840 ib.

14 1867 15 1932 i
101 1887 141 1936 n.
164 1885 237 1954 1²0
255 1862 422 1939 universi
444 1878 621 1936 excusant
636 1862 683 1938 ab
701 1862 927 1962 obligatione
943 1861 1196 1938 denunciandi

14 1941 16 1972 ⁸
101 1942 350 2061 blaspbemos
371 1962 775 2063 boereticnles,semper
799 1967 842 2036 ic
868 1963 939 2061 ipsi
966 1964 1194 2038 correctione

14 2065 15 2160 ζ
99 2059 337 2159 resipiscant

14 2163 15 2190 ¹
151 2156 290 2251 anad
304 2173 427 2233 autem
439 2157 626 2259 simplices
640 2157 899 2261 blasphemos,
916 2157 1196 2248 advertendum,

104 2257 213 2359 quod
225 2255 316 2330 olim
331 2256 413 2332 duae
429 2257 575 2333 adessnt
595 2257 858 2358 obligationes:
875 2283 947 2330 una
965 2257 1195 2358 increpandi,

106 2372 143 2430 et
159 2357 242 2431 baec
257 2357 348 2430 abiit
362 2359 401 2430 in
420 2355 722 2448 desuetudinem,
742 2363 896 2457 ejusque
915 2357 1000 2432 loco
1020 2358 1198 2434 successit

108 2455 285 2554 obligatio
313 2455 565 2545 correctionis,
585 2458 616 2530 si
644 2456 785 2531 fructus
804 2470 993 2557 speratur,
1024 2457 1065 2531 ist
1089 2457 1199 2530 docet

103 2551 243 2628 doceb
263 2554 321 2633 hd.
343 2581 414 2627 Μ.
437 2556 536 2631 3221.
554 2554 614 2632 146.
641 2557 801 2641 Peleus,
823 2556 964 2629 Bonae.
989 2568 1055 2627 etr.
1071 2554 1202 2630 Altera

114 2650 368 2727 denunciandi
398 2652 523 2726 Judici
550 2652 831 2740 Ecclesiastico,
859 2652 917 2725 vel
942 2652 1133 2737 saeculari,
1161 2666 1200 2727 et

117 2747 189 2826 brec
204 2744 317 2824 etiam
381 2778 400 2824 r
413 2750 694 2826 desuetudinem
709 2777 786 2826 non
801 2749 947 2825 videtur
962 2751 1122 2851 amplilrs
1137 2750 1200 2824 ob·

118 2848 309 2949 ligare,i1t
351 2850 415 2924 icit
429 2851 518 2924 Viva
537 2852 583 2921 de
600 2876 620 2922 2
638 2851 809 2948 Praecpt.
826 2877 884 2946 qu.
910 2850 1016 2922 dart.
1034 2876 1055 2923 n
1074 2850 1200 2948 infine

113 2974 189 3022 cum
208 2948 335 3021 Tomb.
355 2964 393 3020 et
408 2951 536 3023 Man.
553 2946 651 3023 Vide
668 2949 762 3021 dicta
774 2951 798 3024 l.
816 2948 890 3020 311.
910 2950 988 3022 123.

161 3045 320 3144 Rogabis
338 3061 476 3140 autem,
491 3047 586 3120 iniri
603 3062 784 3146 qnantum
801 3048 977 3149 temporis
994 3045 1202 3145 blasphemi

114 3144 346 3220 baereticnles
366 3144 615 3219 denunciandi
631 3149 704 3219 sint
718 3146 735 3217 i
747 3145 953 3246 Loquendo
971 3146 1136 3244 generice
1154 3145 1201 3221 de

114 3242 336 3325 criminibus
350 3246 528 3345 suspectis
543 3245 589 3318 de
603 3244 755 3337 haeresi,
771 3248 872 3343 juxti
889 3243 1063 3320 Edictum
1079 3247 1202 3349 loqui·
1233 3320 1236 3329 ,

114 3342 259 3419 titionis
284 3341 475 3417 Generalis
500 3345 695 3432 Romanae,
728 3356 874 3442 tempus
902 3345 1123 3441 assignatum
1154 3345 1203 3420 ad

115 3443 422 3517 denunciationes
440 3456 494 3516 est
509 3442 678 3516 mensisd
693 3440 758 3514 die
774 3442 937 3514 scientiae
955 3442 1059 3541 legis,
1073 3456 1109 3513 et
1125 3469 1204 3517 ces·

114 3557 233 3617 sanus
249 3542 527 3642 impedimenti,
544 3540 584 3613 tn
600 3553 769 3614 asserunt
793 3541 897 3612 Felric
914 3542 1061 3613 Poteste
1072 3541 1115 3610 de
1132 3542 1203 3616 De-

116 3666 224 3715 nuoc.
238 3665 277 3716 n.
297 3641 369 3716 238
378 3632 461 3740 pag'.
477 3638 566 3711 mihi
575 3641 658 3715 535.
678 3639 870 3711 Mazzotta
878 3655 904 3713 t.
930 3666 941 3711 1
958 3665 1046 3737 pag.
1062 3636 1131 3738 276
1143 3664 1204 3739 qu.

117 3740 141 3814 5
155 3753 193 3813 et
208 3740 348 3814 Auctor
363 3738 448 3813 libri
466 3737 601 3834 (Istrus
621 3764 688 3837 per
701 3736 730 3810 lt
742 3736 887 3809 Novelli
900 3735 1063 3832 Corfi’ss.
1081 3753 1166 3810 tom,
1175 3766 1204 3832 ρ

118 3865 151 3911 c.
167 3841 211 3934 14
226 3865 263 3911 n.
280 3837 380 3935 284.)
392 3837 596 3939 Loquendo
610 3834 694 3909 verb
707 3835 893 4006 praecipue
908 3834 954 3908 de
964 3850 1129 3935 ternpore
1144 3863 1206 3909 res·

153 3937 262 4011 nisito
297 3936 344 4011 ad
380 3936 660 4013 denunciandos
687 3933 934 4035 basphemosy
952 3933 1205 4033 haereticales,

117 3963 395 4132 ‚dicuntSporer
407 4035 452 4108 de
474 4062 503 4108 1.
518 4033 824 4132 Ρνωεερι.ὒαεαὶ.
840 4061 874 4106 c.
896 4060 937 4107 ro
955 4058 992 4107 n.
1019 4060 1060 4106 12
1079 4058 1121 4106 ex
1133 4036 1207 4123 De,-

122 4149 223 4212 creto
236 4133 418 4212 Alexand.
433 4132 581 4211 VILde
591 4130 770 4234 Suspectt's
778 4132 824 4205 de
839 4133 939 4214 Her,
953 4147 989 4206 et
1000 4130 1112 4207 Salar.
1125 4134 1208 4207 cod,
