2900 4675
226 395 359 489 Cnpcil.
370 395 512 467 namt.
527 398 577 466 De
592 377 1046 472 Ministro'Sacrainentoriim.
1114 403 1177 500 559

74 482 289 586 'sconem
314 514 545 591 cartonen.
562 515 612 588 v.
631 517 726 588 non.
749 516 785 589 a.
817 543 845 589 t.
864 544 898 617 q.
924 519 1003 620 sp.
1024 524 1059 613 4.
1076 516 1178 595 suar.

100 627 133 673 »¹
149 607 240 685 Con:
257 631 322 686 etc.
343 612 492 686 SchoL'»
1129 655 1132 666 ⁴

124 731 128 738 ·
150 709 269 808 Super
284 710 355 785 hoc
371 727 510 811 puncto
528 708 574 784 de
585 711 762 811 negandis
774 713 1013 788 sacramentis
1028 713 1179 813 indigno
1189 733 1221 801 tt

102 799 212 899 plura
226 810 328 882 utilia
347 826 434 882 sunt
452 812 625 885 notanda.
638 812 846 886 Dicendum
863 813 889 884 1.
905 811 1059 891 Certum
1077 839 1178 924 esse,

100 904 203 1000 quod
215 906 381 980 Minister
393 910 547 1004 grayiter
557 909 938 1008 peccetrninistrando
950 911 1184 985 Sacramenta

99 1001 273 1102 indignis,
284 1028 328 1078 ex
340 1009 527 1080 communi
539 1006 669 1080 cumS.
687 1008 755 1079 Th.
772 1011 836 1107 tp,
852 1036 885 1106 p.
901 1014 946 1082 80
960 1035 1011 1082 ar.
1022 1010 1057 1083 6.
1071 1008 1182 1085 Satm.

101 1126 135 1172 e.
156 1125 177 1197 7
195 1129 231 1174 n.
249 1128 307 1199 72.
326 1106 470 1178 Conci
497 1110 522 1180 8
536 1130 574 1201 p.
599 1133 674 1179 roo.
690 1104 791 1178 Scor.
809 1106 922 1176 Henr.
938 1104 1048 1178 szl'c
1065 1107 1088 1178 l.
1108 1108 1132 1181 6
1142 1135 1182 1204 p.

107 1217 173 1271 rn.
196 1201 509 1277 r3exilioMatth.
550 1259 559 1276 .
576 1205 657 1277 ν.6.
676 1202 797 1275 Nolite
808 1204 891 1274 dore
902 1201 1067 1276 Sanctum
1082 1205 1185 1280 coni·
1266 1279 1271 1290 ,

101 1296 177 1369 bus.
204 1297 291 1373 Ιπιὸῑ
310 1303 348 1373 in
376 1226 601 1401 quibusdam
616 1303 859 1379 sacramentis
875 1302 1064 1393 Minister,
1092 1318 1133 1377 ut
1146 1330 1185 1377 se

103 1394 254 1470 fidelem
280 1397 567 1500 dispensatorem
593 1413 769 1499 praestet,
789 1425 862 1472 non
880 1399 1041 1493 sussic'it,
1061 1403 1091 1473 si
1120 1427 1186 1501 pe·

103 1508 243 1568 tentem
258 1501 398 1573 nesciat
425 1525 501 1572 csse
529 1498 752 1595 indignum,
778 1499 843 1572 sed
863 1498 1021 1596 ampliirs
1039 1513 1187 1574 tenetur
1258 1517 1260 1522 '

105 1585 328 1715 prudentem
349 1599 529 1670 rationem
551 1596 711 1687 habere,
739 1596 838 1695 quod
865 1596 930 1668 iile
959 1597 1007 1670 sit
1023 1597 1186 1695 dignus;

102 1713 142 1763 nr
165 1692 398 1766 Sacramenta
416 1696 515 1767 enim
538 1697 763 1795 poenitcntiae
780 1751 789 1788 ,
807 1694 890 1767 cirm
908 1695 947 1765 in
967 1720 1010 1767 eo
1032 1694 1187 1773 omnint

105 1793 315 1888 requiratur
327 1792 374 1864 ad
383 1793 545 1866 valorem
558 1796 769 1893 poenitentis
783 1792 839 1865 dis
867 1793 986 1880 onitin,
1003 1793 1187 1883 Minister,

105 1888 349 1988 proittindex
366 1890 411 1963 ad
438 1891 509 1964 hoc
523 1893 745 1965 constitutus
764 1948 774 1979 ,
797 1821 908 1965 deiet
924 1890 971 1964 de
988 1916 1028 1961 ea
1044 1919 1081 1963 se
1103 1911 1188 1965 cer-

103 2003 183 2058 tum
215 1988 379 2061 reddere.
406 1991 448 2063 In
470 1991 707 2063 Sacramento
736 1990 915 2086 Baptismi
943 1987 1053 2062 debet
1076 1993 1187 2064 etiam

102 2081 290 2184 inquirere
320 2113 566 2174 consensum,
594 2089 873 2186 dispositionem
901 2087 1125 2188 baptizandi.
1144 2090 1187 2163 In

103 2185 338 2257 sacramento
367 2213 515 2287 quoque
532 2187 682 2261 Ordinis
694 2187 900 2287 Episcopus
917 2186 1027 2259 debet
1049 2199 1188 2276 certam

103 2283 239 2356 habene
269 2275 459 2359 scientiam
485 2285 531 2358 de
559 2285 732 2384 dignitate
759 2284 989 2375 Ordinandi,
1020 2311 1107 2360 cum
1139 2285 1188 2360 ad

101 2382 312 2470 Ordinem,
348 2383 459 2482 proiit
492 2384 676 2458 directum
707 2386 753 2456 ad
787 2383 982 2485 publicum
1015 2382 1185 2477 bonum,

101 2506 213 2552 nemo
231 2479 365 2553 habeat
390 2489 448 2579 jus
475 2486 541 2556 nisi
596 2486 634 2555 ni
659 2497 810 2556 vocatur
840 2486 860 2556 d
891 2483 968 2554 Deo
997 2490 1213 2581 tamquam*

100 2581 225 2652 Aaron
242 2581 256 2671 (
265 2579 349 2652 vide
364 2606 475 2681 super
490 2510 730 2656 hocdicenda
743 2609 779 2657 n.
798 2584 878 2672 50.)
896 2582 937 2654 In
952 2581 1186 2655 Matrimonio

101 2695 225 2749 autem
248 2678 424 2752 Sacerdos
448 2681 618 2753 assistens
645 2679 756 2752 debet
782 2681 969 2781 inquirere
999 2683 1037 2751 in
1065 2680 1187 2778 impe-

102 2775 294 2860 dimenta,
317 2776 406 2850 cium
427 2778 475 2850 ad
498 2780 568 2852 hoc
593 2784 838 2850 constituatur
862 2775 907 2850 ab
933 2775 1110 2850 Ecclesia.
1141 2779 1185 2850 In

98 2873 180 2945 aliis
205 2872 289 2946 veri)
308 2879 581 2961 sacramentis,
611 2876 798 2976 quidquid
821 2874 920 2949 dicat
938 2876 1119 2963 Antoniae,
1143 2901 1186 2950 eu

97 2997 178 3044 non
206 2990 292 3048 sunt
316 2975 531 3074 deneganda
561 2976 613 3048 eis
640 2977 705 3074 qui
728 2973 910 3049 catholice
931 2977 1084 3063 vivunt,
1114 2977 1187 3049 nisi

99 3087 245 3145 constet
259 3074 306 3146 de
328 3072 545 3172 indignitate
566 3075 737 3175 poteritis.
759 3076 811 3146 Ita
834 3074 933 3145 Sunt.
955 3100 995 3170 p.
1021 3072 1043 3143 3
1069 3073 1116 3145 D.
1144 3075 1186 3147 ι8

98 3187 186 3242 sect.
207 3194 237 3241 a.
254 3173 352 3270 Lugo
368 3171 416 3245 D.
436 3176 459 3245 8
486 3198 523 3246 n.
549 3174 629 3272 195.
646 3173 730 3244 Esc.
745 3174 766 3244 l.
785 3175 807 3245 8
824 3197 858 3242 n.
883 3174 963 3265 ndo.
982 3171 1121 3242 Peleus
1138 3188 1183 3243 tr.

104 3272 151 3341 18
172 3269 220 3341 D.
235 3296 294 3343 un.
308 3298 347 3367 p.
367 3274 409 3364 14
425 3296 462 3342 n.
486 3272 521 3345 6.
537 3297 613 3342 cum
630 3268 735 3355 Solo,
753 3271 845 3342 Bon.
864 3269 910 3341 D.
939 3296 1003 3369 iq.
1021 3268 1046 3339 6
1057 3298 1095 3369 p.
1112 3272 1186 3363 4t'n

86 3368 164 3463 fin.
185 3368 294 3439 Elbel
313 3382 337 3441 t.
355 3368 427 3464 3p.
454 3376 504 3442 ιε’
521 3394 557 3440 n.
581 3368 641 3441 36.
666 3369 775 3447 Croin
797 3368 907 3461 top.
928 3395 939 3439 r
962 3388 997 3438 n.
1025 3369 1088 3464 ¹37
1106 3391 1189 3441 crem,

98 3465 218 3536 Henr.
245 3466 385 3538 etDic.
414 3468 537 3554 Ratio,
566 3468 651 3566 quia
672 3465 725 3538 ad‘
748 3466 824 3540 irasc
856 3464 923 3539 alia
951 3464 1187 3539 Sacranrenta

98 3563 430 3662 omnesfidelesjus
441 3564 598 3653 habent,
613 3564 814 3638 etMinistri
830 3590 903 3635 non
920 3579 1007 3634 sunt
1021 3565 1042 3634 J
1047 3563 1184 3647 udices,

99 3661 480 3763 sed-Dispensatorem
497 3664 597 3737 unde
612 3669 650 3736 in
669 3665 720 3736 eis
740 3683 813 3737 non
830 3661 968 3735 habent
986 3665 1042 3755 jus
1058 3660 1187 3761 inqui*

99 3760 232 3845 rendi,
248 3760 312 3833 sed
326 3759 468 3832 tantum
484 3761 649 3834 debitum
663 3761 899 3859 dispensandi
913 3758 1101 3855 omnibus,
1120 3760 1195 3858 qui.

99 3874 263 3959 petunt,
290 3857 403 3931 modd
429 3860 489 3933 isti
512 3886 587 3933 non
615 3863 687 3932 sint
713 3858 862 3958 positive
886 3856 1056 3955 indigni,
1086 3861 1187 3956 juxte

99 3973 327 4058 preceptum
346 3958 585 4055 praedictumc
601 3959 722 4029 Nolite
739 3958 822 4029 dare
841 3969 1000 4027 scortum
1020 3953 1187 4026 cortr'bns:

98 4054 199 4155 Ergo
229 4056 371 4130 tantirm
388 4054 551 4155 indignis
570 4056 818 4157 prohibentur
842 4055 1038 4125 ministrari
1063 4054 1190 4125 Sacra·

97 4172 237 4228 menta.
283 4157 459 4228 Praeterea
489 4211 498 4242 ,
543 4156 685 4251 purisque
731 4153 937 4226 naturaliter
970 4152 1199 4248 presumitur·

99 4252 232 4341 bonum
247 4253 288 4327 ist
304 4253 442 4326 dicitur
456 4255 496 4328 in
512 4280 589 4351 cap.
605 4253 746 4324 Dudum
761 4254 973 4348 depressam.
991 4251 1060 4329 nisi
1074 4247 1194 4333 malus

98 4351 206 4426 ‘certo
229 4352 420 4453 probetur.
1125 4370 1130 4379 ‘
