<?xml version="1.0" encoding="UTF-8"?>
<!DOCTYPE html PUBLIC "-//W3C//DTD XHTML 1.0 Transitional//EN"
    "http://www.w3.org/TR/xhtml1/DTD/xhtml1-transitional.dtd">
<html xmlns="http://www.w3.org/1999/xhtml" xml:lang="en" lang="en">
 <head>
  <title>
</title>
<meta http-equiv="Content-Type" content="text/html;charset=utf-8" />
  <meta name='ocr-system' content='tesseract 3.04.00' />
  <meta name='ocr-capabilities' content='ocr_page ocr_carea ocr_par ocr_line ocrx_word'/>
</head>
<body>
  <div class='ocr_page' id='page_1' title='image "./theologiamorali06ligugoog_0160.png"; bbox 0 0 2900 4675; ppageno 0'>
   <div class='ocr_carea' id='block_1_1' title="bbox 186 265 1183 362">
    <p class='ocr_par' dir='ltr' id='par_1_1' title="bbox 186 265 1183 362">
     <span class='ocr_line' id='line_1_1' title="bbox 186 265 1183 362; baseline -0.005 -22"><span class='ocrx_word' id='word_1_1' title='bbox 186 285 188 289; x_wconf 85' lang='grc'><strong><em>·</em></strong></span> <span class='ocrx_word' id='word_1_2' title='bbox 286 272 353 339; x_wconf 68' lang='lat' dir='ltr'><strong>aba</strong></span> <span class='ocrx_word' id='word_1_3' title='bbox 496 268 569 338; x_wconf 85' lang='lat' dir='ltr'><strong>Lib.</strong></span> <span class='ocrx_word' id='word_1_4' title='bbox 583 268 643 339; x_wconf 79' lang='lat' dir='ltr'><strong>IV.</strong></span> <span class='ocrx_word' id='word_1_5' title='bbox 659 269 711 336; x_wconf 87' lang='lat' dir='ltr'><strong>De</strong></span> <span class='ocrx_word' id='word_1_6' title='bbox 724 265 824 338; x_wconf 78' lang='lat' dir='ltr'><strong>Prae.</strong></span> <span class='ocrx_word' id='word_1_7' title='bbox 837 265 1102 362; x_wconf 73' lang='lat' dir='ltr'><strong>particularibus,</strong></span> <span class='ocrx_word' id='word_1_8' title='bbox 1116 281 1183 336; x_wconf 81' lang='lat' dir='ltr'><strong>ete.</strong></span> 
     </span>
    </p>
   </div>
   <div class='ocr_carea' id='block_1_2' title="bbox 285 374 1379 1865">
    <p class='ocr_par' dir='ltr' id='par_1_2' title="bbox 285 374 1379 1865">
     <span class='ocr_line' id='line_1_2' title="bbox 287 374 1379 479; baseline -0.001 -27"><span class='ocrx_word' id='word_1_9' title='bbox 287 410 310 452; x_wconf 81' lang='grc' dir='ltr'><strong>ι</strong></span> <span class='ocrx_word' id='word_1_10' title='bbox 337 378 594 479; x_wconf 84' lang='lat' dir='ltr'><strong>sanguineum.</strong></span> <span class='ocrx_word' id='word_1_11' title='bbox 622 379 688 454; x_wconf 88' lang='lat' dir='ltr'><strong>IV.</strong></span> <span class='ocrx_word' id='word_1_12' title='bbox 710 379 748 451; x_wconf 86' lang='lat' dir='ltr'><strong>Si</strong></span> <span class='ocrx_word' id='word_1_13' title='bbox 764 383 786 453; x_wconf 81' lang='lat' dir='ltr'><strong>t</strong></span> <span class='ocrx_word' id='word_1_14' title='bbox 802 380 890 453; x_wconf 85' lang='lat' dir='ltr'><strong>riris</strong></span> <span class='ocrx_word' id='word_1_15' title='bbox 908 404 981 455; x_wconf 90' lang='lat' dir='ltr'><strong>uon</strong></span> <span class='ocrx_word' id='word_1_16' title='bbox 1006 394 1063 454; x_wconf 81' lang='lat' dir='ltr'><strong>eat</strong></span> <span class='ocrx_word' id='word_1_17' title='bbox 1089 379 1162 454; x_wconf 85' lang='lat' dir='ltr'><strong>fide</strong></span> <span class='ocrx_word' id='word_1_18' title='bbox 1181 374 1305 476; x_wconf 78' lang='lat' dir='ltr'><strong>dignit</strong></span> <span class='ocrx_word' id='word_1_19' title='bbox 1323 402 1379 451; x_wconf 86' lang='lat' dir='ltr'><strong>ac·</strong></span> 
     </span>
     <span class='ocr_line' id='line_1_3' title="bbox 285 469 1375 647; baseline -0.001 -98"><span class='ocrx_word' id='word_1_20' title='bbox 285 509 308 549; x_wconf 78' lang='grc' dir='ltr'><strong>ι</strong></span> <span class='ocrx_word' id='word_1_21' title='bbox 338 480 493 580; x_wconf 79' lang='lat' dir='ltr'><strong>cepisti;</strong></span> <span class='ocrx_word' id='word_1_22' title='bbox 524 494 613 553; x_wconf 87' lang='lat' dir='ltr'><strong>tunc</strong></span> <span class='ocrx_word' id='word_1_23' title='bbox 637 478 736 551; x_wconf 87' lang='lat' dir='ltr'><strong>enim</strong></span> <span class='ocrx_word' id='word_1_24' title='bbox 761 492 870 647; x_wconf 78' lang='lat' dir='ltr'><strong>potet</strong></span> <span class='ocrx_word' id='word_1_25' title='bbox 899 492 935 551; x_wconf 87' lang='lat' dir='ltr'><strong>te</strong></span> <span class='ocrx_word' id='word_1_26' title='bbox 963 476 1123 569; x_wconf 83' lang='lat' dir='ltr'><strong>habere,</strong></span> <span class='ocrx_word' id='word_1_27' title='bbox 1150 503 1197 552; x_wconf 88' lang='lat' dir='ltr'><strong>ae</strong></span> <span class='ocrx_word' id='word_1_28' title='bbox 1226 475 1258 550; x_wconf 84' lang='lat' dir='ltr'><strong>ei</strong></span> <span class='ocrx_word' id='word_1_29' title='bbox 1286 469 1375 548; x_wconf 83' lang='lat' dir='ltr'>nihil</span> 
     </span>
     <span class='ocr_line' id='line_1_4' title="bbox 286 572 1378 674; baseline -0.004 -26"><span class='ocrx_word' id='word_1_30' title='bbox 286 606 309 648; x_wconf 86' lang='grc' dir='ltr'><strong>ιι</strong></span> <span class='ocrx_word' id='word_1_31' title='bbox 338 582 464 653; x_wconf 73' lang='lat' dir='ltr'><strong>scires.</strong></span> <span class='ocrx_word' id='word_1_32' title='bbox 493 576 511 614; x_wconf 72' lang='lat'><strong>⁴⁸</strong></span> <span class='ocrx_word' id='word_1_33' title='bbox 537 577 640 674; x_wconf 81' lang='lat' dir='ltr'><strong>(lmt</strong></span> <span class='ocrx_word' id='word_1_34' title='bbox 666 575 761 649; x_wconf 80' lang='lat' dir='ltr'><strong>Sanc</strong></span> <span class='ocrx_word' id='word_1_35' title='bbox 791 633 799 650; x_wconf 89' lang='lat'><strong>.</strong></span> <span class='ocrx_word' id='word_1_36' title='bbox 830 578 919 650; x_wconf 84' lang='lat' dir='ltr'><strong>Dec.</strong></span> <span class='ocrx_word' id='word_1_37' title='bbox 949 575 1007 651; x_wconf 74' lang='lat' dir='ltr'><strong>tt.</strong></span> <span class='ocrx_word' id='word_1_38' title='bbox 1041 577 1063 650; x_wconf 83' lang='lat'>3</span> <span class='ocrx_word' id='word_1_39' title='bbox 1090 599 1171 673; x_wconf 78' lang='lat' dir='ltr'><strong>cop.</strong></span> <span class='ocrx_word' id='word_1_40' title='bbox 1198 598 1222 674; x_wconf 87' lang='lat'><strong>7</strong></span> <span class='ocrx_word' id='word_1_41' title='bbox 1240 599 1278 647; x_wconf 85' lang='lat' dir='ltr'><strong>n.</strong></span> <span class='ocrx_word' id='word_1_42' title='bbox 1294 572 1330 646; x_wconf 82' lang='lat'><strong>5.</strong></span> <span class='ocrx_word' id='word_1_43' title='bbox 1344 587 1378 645; x_wconf 82' lang='lat' dir='ltr'><strong>et</strong></span> 
     </span>
     <span class='ocr_line' id='line_1_5' title="bbox 285 668 1375 772; baseline -0.005 -25"><span class='ocrx_word' id='word_1_44' title='bbox 285 673 310 747; x_wconf 79' lang='grc' dir='ltr'><strong>ιι</strong></span> <span class='ocrx_word' id='word_1_45' title='bbox 338 676 492 749; x_wconf 77' lang='grc' dir='ltr'><em>Νιιιιιι.</em></span> <span class='ocrx_word' id='word_1_46' title='bbox 512 672 587 750; x_wconf 77' lang='lat' dir='ltr'><strong>Sol.</strong></span> <span class='ocrx_word' id='word_1_47' title='bbox 611 672 724 772; x_wconf 75' lang='lat' dir='ltr'><strong>Areg.</strong></span> <span class='ocrx_word' id='word_1_48' title='bbox 745 690 781 746; x_wconf 82' lang='lat' dir='ltr'><strong>et</strong></span> <span class='ocrx_word' id='word_1_49' title='bbox 800 672 865 748; x_wconf 76' lang='lat' dir='ltr'><strong>alit</strong></span> <span class='ocrx_word' id='word_1_50' title='bbox 882 698 961 747; x_wconf 85' lang='lat' dir='ltr'><strong>cum</strong></span> <span class='ocrx_word' id='word_1_51' title='bbox 975 673 1087 749; x_wconf 72' lang='lat' dir='ltr'><strong>Solon·</strong></span> <span class='ocrx_word' id='word_1_52' title='bbox 1101 698 1133 750; x_wconf 85' lang='lat' dir='ltr'><strong>c.</strong></span> <span class='ocrx_word' id='word_1_53' title='bbox 1155 673 1180 748; x_wconf 80' lang='grc'><strong>3</strong></span> <span class='ocrx_word' id='word_1_54' title='bbox 1198 699 1238 746; x_wconf 84' lang='grc' dir='ltr'><strong>ιι.</strong></span> <span class='ocrx_word' id='word_1_55' title='bbox 1258 670 1308 770; x_wconf 90' lang='lat'><strong>69</strong></span> <span class='ocrx_word' id='word_1_56' title='bbox 1323 668 1375 742; x_wconf 69' lang='lat' dir='ltr'><strong>ti·</strong></span> 
     </span>
     <span class='ocr_line' id='line_1_6' title="bbox 290 765 1371 864; baseline -0.002 -22"><span class='ocrx_word' id='word_1_57' title='bbox 290 800 312 842; x_wconf 92' lang='grc' dir='ltr'><strong>ι</strong></span> <span class='ocrx_word' id='word_1_58' title='bbox 338 787 441 864; x_wconf 85' lang='lat' dir='ltr'><strong>cunt,</strong></span> <span class='ocrx_word' id='word_1_59' title='bbox 466 786 574 858; x_wconf 72' lang='lat' dir='ltr'><strong>testes</strong></span> <span class='ocrx_word' id='word_1_60' title='bbox 591 774 636 845; x_wconf 86' lang='lat' dir='ltr'><strong>de</strong></span> <span class='ocrx_word' id='word_1_61' title='bbox 661 770 782 845; x_wconf 82' lang='lat' dir='ltr'><strong>auditu</strong></span> <span class='ocrx_word' id='word_1_62' title='bbox 797 771 998 847; x_wconf 71' lang='lat' dir='ltr'><strong>alreno&#39;non</strong></span> <span class='ocrx_word' id='word_1_63' title='bbox 1012 772 1128 846; x_wconf 67' lang='lat' dir='ltr'><strong>teneri</strong></span> <span class='ocrx_word' id='word_1_64' title='bbox 1137 772 1194 844; x_wconf 83' lang='lat' dir='ltr'><strong>ad</strong></span> <span class='ocrx_word' id='word_1_65' title='bbox 1203 765 1371 852; x_wconf 68' lang='lat' dir='ltr'><strong>manifete-</strong></span> 
     </span>
     <span class='ocr_line' id='line_1_7' title="bbox 287 863 1374 969; baseline 0.001 -29"><span class='ocrx_word' id='word_1_66' title='bbox 287 900 307 939; x_wconf 84' lang='grc' dir='ltr'><strong>ι</strong></span> <span class='ocrx_word' id='word_1_67' title='bbox 337 873 484 942; x_wconf 82' lang='lat' dir='ltr'><strong>tondum</strong></span> <span class='ocrx_word' id='word_1_68' title='bbox 499 926 509 958; x_wconf 87' lang='lat'>,</span> <span class='ocrx_word' id='word_1_69' title='bbox 537 868 677 969; x_wconf 75' lang='lat' dir='ltr'><strong>quondo</strong></span> <span class='ocrx_word' id='word_1_70' title='bbox 688 868 816 943; x_wconf 72' lang='lat' dir='ltr'><strong>Iudex</strong></span> <span class='ocrx_word' id='word_1_71' title='bbox 829 868 923 943; x_wconf 84' lang='lat' dir='ltr'><strong>nihil</strong></span> <span class='ocrx_word' id='word_1_72' title='bbox 932 869 1032 944; x_wconf 63' lang='lat' dir='ltr'><strong>atad</strong></span> <span class='ocrx_word' id='word_1_73' title='bbox 1039 870 1085 944; x_wconf 85' lang='lat' dir='ltr'><strong>ob</strong></span> <span class='ocrx_word' id='word_1_74' title='bbox 1095 870 1148 944; x_wconf 75' lang='grc' dir='ltr'><strong>ιιι</strong></span> <span class='ocrx_word' id='word_1_75' title='bbox 1161 865 1280 966; x_wconf 72' lang='lat' dir='ltr'><strong>en&#39;git</strong></span> <span class='ocrx_word' id='word_1_76' title='bbox 1288 921 1299 954; x_wconf 85' lang='lat'>‚</span> <span class='ocrx_word' id='word_1_77' title='bbox 1314 863 1374 941; x_wconf 73' lang='lat' dir='ltr'><strong>nist</strong></span> 
     </span>
     <span class='ocr_line' id='line_1_8' title="bbox 287 964 1371 1068; baseline -0.003 -29"><span class='ocrx_word' id='word_1_78' title='bbox 287 998 310 1039; x_wconf 94' lang='grc' dir='ltr'><strong>ιι</strong></span> <span class='ocrx_word' id='word_1_79' title='bbox 337 980 376 1041; x_wconf 79' lang='lat' dir='ltr'><strong>ut</strong></span> <span class='ocrx_word' id='word_1_80' title='bbox 385 968 515 1055; x_wconf 84' lang='lat' dir='ltr'><strong>dicant,</strong></span> <span class='ocrx_word' id='word_1_81' title='bbox 530 968 628 1068; x_wconf 82' lang='lat' dir='ltr'><strong>qood</strong></span> <span class='ocrx_word' id='word_1_82' title='bbox 632 967 674 1040; x_wconf 84' lang='lat' dir='ltr'><strong>id</strong></span> <span class='ocrx_word' id='word_1_83' title='bbox 681 966 799 1042; x_wconf 79' lang='lat' dir='ltr'><strong>sciant</strong></span> <span class='ocrx_word' id='word_1_84' title='bbox 803 993 816 1050; x_wconf 79' lang='lat'><strong>,⁰</strong></span> <span class='ocrx_word' id='word_1_85' title='bbox 828 967 922 1068; x_wconf 70' lang='lat' dir='ltr'><strong>quta,</strong></span> <span class='ocrx_word' id='word_1_86' title='bbox 932 966 1043 1064; x_wconf 72' lang='lat' dir='ltr'><strong>albot,</strong></span> <span class='ocrx_word' id='word_1_87' title='bbox 1059 964 1301 1064; x_wconf 71' lang='lat' dir='ltr'><strong>sciepropn‘i</strong></span> <span class='ocrx_word' id='word_1_88' title='bbox 1310 990 1371 1036; x_wconf 86' lang='lat' dir='ltr'><strong>non</strong></span> 
     </span>
     <span class='ocr_line' id='line_1_9' title="bbox 293 1062 1372 1166; baseline -0.004 -29"><span class='ocrx_word' id='word_1_89' title='bbox 293 1094 315 1137; x_wconf 89' lang='grc' dir='ltr'><strong>ιι</strong></span> <span class='ocrx_word' id='word_1_90' title='bbox 344 1082 399 1137; x_wconf 87' lang='lat' dir='ltr'><strong>est</strong></span> <span class='ocrx_word' id='word_1_91' title='bbox 415 1068 582 1152; x_wconf 83' lang='lat' dir='ltr'><strong>credere,</strong></span> <span class='ocrx_word' id='word_1_92' title='bbox 608 1067 676 1139; x_wconf 85' lang='lat' dir='ltr'><strong>sed</strong></span> <span class='ocrx_word' id='word_1_93' title='bbox 702 1067 877 1142; x_wconf 76' lang='lat' dir='ltr'><strong>veritatem</strong></span> <span class='ocrx_word' id='word_1_94' title='bbox 898 1084 1098 1166; x_wconf 73' lang='lat' dir='ltr'><strong>perceptam</strong></span> <span class='ocrx_word' id='word_1_95' title='bbox 1119 1065 1220 1153; x_wconf 61' lang='lat' dir='ltr'><strong>risu,</strong></span> <span class='ocrx_word' id='word_1_96' title='bbox 1243 1063 1302 1136; x_wconf 73' lang='lat' dir='ltr'><strong>rel</strong></span> <span class='ocrx_word' id='word_1_97' title='bbox 1311 1062 1372 1135; x_wconf 82' lang='lat' dir='ltr'><strong>olio</strong></span> 
     </span>
     <span class='ocr_line' id='line_1_10' title="bbox 291 1157 1373 1264; baseline -0.005 -30"><span class='ocrx_word' id='word_1_98' title='bbox 291 1192 313 1234; x_wconf 89' lang='grc' dir='ltr'><strong>ιι</strong></span> <span class='ocrx_word' id='word_1_99' title='bbox 339 1165 495 1258; x_wconf 76' lang='lat' dir='ltr'><strong>scornio</strong></span> <span class='ocrx_word' id='word_1_100' title='bbox 510 1180 628 1236; x_wconf 84' lang='lat' dir='ltr'><strong>mente</strong></span> <span class='ocrx_word' id='word_1_101' title='bbox 640 1164 789 1235; x_wconf 73' lang='lat' dir='ltr'><strong>retinere</strong></span> <span class='ocrx_word' id='word_1_102' title='bbox 804 1190 813 1232; x_wconf 79' lang='grc' dir='ltr'><strong>ι</strong></span> <span class='ocrx_word' id='word_1_103' title='bbox 830 1184 1053 1264; x_wconf 75' lang='lat' dir='ltr'><strong>quacumque</strong></span> <span class='ocrx_word' id='word_1_104' title='bbox 1066 1179 1185 1236; x_wconf 79' lang='lat' dir='ltr'><strong>eutem</strong></span> <span class='ocrx_word' id='word_1_105' title='bbox 1200 1160 1276 1233; x_wconf 82' lang='lat' dir='ltr'><strong>alr&#39;a</strong></span> <span class='ocrx_word' id='word_1_106' title='bbox 1288 1157 1373 1232; x_wconf 84' lang='lat' dir='ltr'><strong>noti·</strong></span> 
     </span>
     <span class='ocr_line' id='line_1_11' title="bbox 288 1257 1372 1360; baseline -0.002 -29"><span class='ocrx_word' id='word_1_107' title='bbox 288 1290 309 1331; x_wconf 87' lang='grc' dir='ltr'><strong>ι</strong></span> <span class='ocrx_word' id='word_1_108' title='bbox 339 1260 389 1333; x_wconf 85' lang='lat' dir='ltr'><strong>tia</strong></span> <span class='ocrx_word' id='word_1_109' title='bbox 401 1261 555 1360; x_wconf 80' lang='lat' dir='ltr'><em>pertinet</em></span> <span class='ocrx_word' id='word_1_110' title='bbox 566 1261 618 1332; x_wconf 82' lang='lat' dir='ltr'><strong>od</strong></span> <span class='ocrx_word' id='word_1_111' title='bbox 625 1259 792 1351; x_wconf 74' lang='lat' dir='ltr'><strong>judiciem</strong></span> <span class='ocrx_word' id='word_1_112' title='bbox 807 1315 818 1348; x_wconf 80' lang='grc'><em>,</em></span> <span class='ocrx_word' id='word_1_113' title='bbox 836 1285 909 1333; x_wconf 85' lang='lat' dir='ltr'><strong>non</strong></span> <span class='ocrx_word' id='word_1_114' title='bbox 925 1259 977 1334; x_wconf 83' lang='lat' dir='ltr'><strong>ad</strong></span> <span class='ocrx_word' id='word_1_115' title='bbox 999 1260 1186 1334; x_wconf 76' lang='lat' dir='ltr'><strong>scientiam</strong></span> <span class='ocrx_word' id='word_1_116' title='bbox 1200 1259 1216 1357; x_wconf 92' lang='lat'>)</span> <span class='ocrx_word' id='word_1_117' title='bbox 1232 1257 1262 1328; x_wconf 78' lang='grc'><strong>“.</strong></span> <span class='ocrx_word' id='word_1_118' title='bbox 1282 1258 1327 1330; x_wconf 87' lang='lat' dir='ltr'><strong>V.</strong></span> <span class='ocrx_word' id='word_1_119' title='bbox 1340 1257 1372 1330; x_wconf 86' lang='lat' dir='ltr'><strong>si</strong></span> 
     </span>
     <span class='ocr_line' id='line_1_12' title="bbox 287 1357 1371 1459; baseline -0.003 -29"><span class='ocrx_word' id='word_1_120' title='bbox 287 1379 311 1430; x_wconf 84' lang='grc' dir='ltr'><strong>ιι</strong></span> <span class='ocrx_word' id='word_1_121' title='bbox 341 1359 478 1433; x_wconf 84' lang='lat' dir='ltr'><strong>iactum</strong></span> <span class='ocrx_word' id='word_1_122' title='bbox 495 1357 706 1432; x_wconf 78' lang='lat' dir='ltr'><strong>intellexisti</strong></span> <span class='ocrx_word' id='word_1_123' title='bbox 726 1384 794 1459; x_wconf 83' lang='lat' dir='ltr'><strong>per</strong></span> <span class='ocrx_word' id='word_1_124' title='bbox 808 1360 998 1457; x_wconf 79' lang='lat' dir='ltr'><strong>iujuriam,</strong></span> <span class='ocrx_word' id='word_1_125' title='bbox 1014 1358 1116 1434; x_wconf 87' lang='lat' dir='ltr'><strong>verbi</strong></span> <span class='ocrx_word' id='word_1_126' title='bbox 1130 1357 1272 1455; x_wconf 76' lang='lat' dir='ltr'><strong>gratib;</strong></span> <span class='ocrx_word' id='word_1_127' title='bbox 1291 1379 1371 1455; x_wconf 61' lang='lat' dir='ltr'><strong>apta</strong></span> 
     </span>
     <span class='ocr_line' id='line_1_13' title="bbox 292 1456 1378 1556; baseline -0.003 -27"><span class='ocrx_word' id='word_1_128' title='bbox 292 1483 315 1529; x_wconf 91' lang='grc' dir='ltr'><strong>ιι</strong></span> <span class='ocrx_word' id='word_1_129' title='bbox 344 1459 472 1530; x_wconf 92' lang='lat' dir='ltr'><strong>riendo</strong></span> <span class='ocrx_word' id='word_1_130' title='bbox 489 1457 641 1548; x_wconf 83' lang='lat' dir='ltr'><strong>litterae,</strong></span> <span class='ocrx_word' id='word_1_131' title='bbox 655 1456 943 1556; x_wconf 84' lang='lat' dir='ltr'><strong>cogendoalium</strong></span> <span class='ocrx_word' id='word_1_132' title='bbox 958 1457 1006 1531; x_wconf 88' lang='lat' dir='ltr'><strong>ad</strong></span> <span class='ocrx_word' id='word_1_133' title='bbox 1020 1457 1300 1540; x_wconf 77' lang='lat' dir='ltr'><strong>revelationem,</strong></span> <span class='ocrx_word' id='word_1_134' title='bbox 1313 1465 1378 1526; x_wconf 81' lang='lat' dir='ltr'><strong>ete.</strong></span> 
     </span>
     <span class='ocr_line' id='line_1_14' title="bbox 290 1548 1373 1654; baseline -0.002 -28"><span class='ocrx_word' id='word_1_135' title='bbox 290 1584 313 1626; x_wconf 93' lang='grc' dir='ltr'><strong>ιι</strong></span> <span class='ocrx_word' id='word_1_136' title='bbox 341 1555 469 1654; x_wconf 83' lang='lat' dir='ltr'><strong>Lnym.</strong></span> <span class='ocrx_word' id='word_1_137' title='bbox 486 1553 545 1629; x_wconf 86' lang='lat' dir='ltr'><strong>lib.</strong></span> <span class='ocrx_word' id='word_1_138' title='bbox 565 1555 587 1627; x_wconf 85' lang='lat'>3</span> <span class='ocrx_word' id='word_1_139' title='bbox 609 1554 829 1651; x_wconf 78' lang='lat' dir='ltr'><strong>troctficop.</strong></span> <span class='ocrx_word' id='word_1_140' title='bbox 848 1555 871 1648; x_wconf 74' lang='grc'>4</span> <span class='ocrx_word' id='word_1_141' title='bbox 893 1582 931 1628; x_wconf 88' lang='lat' dir='ltr'><strong>n.</strong></span> <span class='ocrx_word' id='word_1_142' title='bbox 948 1557 984 1631; x_wconf 85' lang='lat'><strong>5.</strong></span> <span class='ocrx_word' id='word_1_143' title='bbox 1001 1556 1094 1629; x_wconf 92' lang='lat' dir='ltr'><strong>Mol.</strong></span> <span class='ocrx_word' id='word_1_144' title='bbox 1114 1554 1149 1626; x_wconf 86' lang='lat' dir='ltr'><strong>d.</strong></span> <span class='ocrx_word' id='word_1_145' title='bbox 1167 1555 1191 1627; x_wconf 78' lang='grc'>5</span> <span class='ocrx_word' id='word_1_146' title='bbox 1208 1580 1247 1631; x_wconf 89' lang='grc' dir='ltr'><strong>ιι.</strong></span> <span class='ocrx_word' id='word_1_147' title='bbox 1263 1553 1299 1629; x_wconf 84' lang='grc'><strong>5.</strong></span> <span class='ocrx_word' id='word_1_148' title='bbox 1313 1548 1373 1624; x_wconf 80' lang='lat' dir='ltr'><strong>VI.</strong></span> 
     </span>
     <span class='ocr_line' id='line_1_15' title="bbox 291 1646 1371 1753; baseline -0.001 -30"><span class='ocrx_word' id='word_1_149' title='bbox 291 1682 314 1723; x_wconf 86' lang='grc' dir='ltr'><strong>ιι</strong></span> <span class='ocrx_word' id='word_1_150' title='bbox 343 1653 380 1725; x_wconf 85' lang='lat' dir='ltr'><strong>si</strong></span> <span class='ocrx_word' id='word_1_151' title='bbox 409 1653 500 1727; x_wconf 88' lang='lat' dir='ltr'><strong>alter</strong></span> <span class='ocrx_word' id='word_1_152' title='bbox 520 1651 761 1753; x_wconf 78' lang='lat' dir='ltr'><strong>probabiliter</strong></span> <span class='ocrx_word' id='word_1_153' title='bbox 779 1653 817 1727; x_wconf 91' lang='lat' dir='ltr'><strong>in</strong></span> <span class='ocrx_word' id='word_1_154' title='bbox 845 1650 941 1727; x_wconf 85' lang='lat' dir='ltr'><strong>lacto</strong></span> <span class='ocrx_word' id='word_1_155' title='bbox 961 1678 1036 1726; x_wconf 90' lang='lat' dir='ltr'><strong>uon</strong></span> <span class='ocrx_word' id='word_1_156' title='bbox 1091 1653 1294 1741; x_wconf 81' lang='lat' dir='ltr'><strong>eocarerit¹</strong></span> <span class='ocrx_word' id='word_1_157' title='bbox 1321 1646 1371 1722; x_wconf 84' lang='lat' dir='ltr'><strong>rel</strong></span> 
     </span>
     <span class='ocr_line' id='line_1_16' title="bbox 291 1680 1373 1865; baseline -0.004 -43"><span class='ocrx_word' id='word_1_158' title='bbox 291 1781 313 1822; x_wconf 90' lang='grc' dir='ltr'><strong>ιι</strong></span> <span class='ocrx_word' id='word_1_159' title='bbox 344 1752 429 1850; x_wconf 89' lang='lat' dir='ltr'><strong>quia</strong></span> <span class='ocrx_word' id='word_1_160' title='bbox 456 1778 534 1824; x_wconf 87' lang='lat' dir='ltr'><strong>rem</strong></span> <span class='ocrx_word' id='word_1_161' title='bbox 554 1751 720 1852; x_wconf 77' lang='lat' dir='ltr'><strong>aliquam</strong></span> <span class='ocrx_word' id='word_1_162' title='bbox 739 1751 881 1852; x_wconf 87' lang='lat' dir='ltr'><strong>accepit</strong></span> <span class='ocrx_word' id='word_1_163' title='bbox 905 1753 944 1825; x_wconf 91' lang='lat' dir='ltr'><strong>in</strong></span> <span class='ocrx_word' id='word_1_164' title='bbox 961 1680 1146 1825; x_wconf 69' lang='lat' dir='ltr'><strong>oceuiiam</strong></span> <span class='ocrx_word' id='word_1_165' title='bbox 1165 1772 1373 1865; x_wconf 75' lang='lat' dir='ltr'><strong>compensa·</strong></span> 
     </span>
    </p>
   </div>
   <div class='ocr_carea' id='block_1_3' title="bbox 290 1848 1371 2061">
    <p class='ocr_par' dir='ltr' id='par_1_3' title="bbox 290 1848 1371 2061">
     <span class='ocr_line' id='line_1_17' title="bbox 291 1848 1370 1950; baseline -0.005 -29"><span class='ocrx_word' id='word_1_166' title='bbox 291 1880 314 1921; x_wconf 89' lang='grc' dir='ltr'><strong>ιι</strong></span> <span class='ocrx_word' id='word_1_167' title='bbox 343 1851 482 1923; x_wconf 89' lang='lat' dir='ltr'><strong>tionem</strong></span> <span class='ocrx_word' id='word_1_168' title='bbox 497 1848 612 1923; x_wconf 86' lang='lat' dir='ltr'><strong>debiti</strong></span> <span class='ocrx_word' id='word_1_169' title='bbox 628 1877 638 1938; x_wconf 77' lang='lat'><em>3</em></span> <span class='ocrx_word' id='word_1_170' title='bbox 656 1875 699 1923; x_wconf 83' lang='lat' dir='ltr'><strong>ex</strong></span> <span class='ocrx_word' id='word_1_171' title='bbox 709 1876 784 1950; x_wconf 88' lang='lat' dir='ltr'><strong>quo</strong></span> <span class='ocrx_word' id='word_1_172' title='bbox 799 1905 809 1933; x_wconf 83' lang='grc'><strong>.</strong></span> <span class='ocrx_word' id='word_1_173' title='bbox 828 1853 1015 1948; x_wconf 75' lang='lat' dir='ltr'><strong>tamquam</strong></span> <span class='ocrx_word' id='word_1_174' title='bbox 1029 1848 1076 1924; x_wconf 88' lang='lat' dir='ltr'><strong>de</strong></span> <span class='ocrx_word' id='word_1_175' title='bbox 1094 1850 1198 1936; x_wconf 85' lang='lat' dir='ltr'><strong>sure,</strong></span> <span class='ocrx_word' id='word_1_176' title='bbox 1216 1870 1370 1948; x_wconf 72' lang='lat' dir='ltr'><strong>¹inquira-</strong></span> 
     </span>
     <span class='ocr_line' id='line_1_18' title="bbox 290 1940 1371 2061; baseline -0.001 -45"><span class='ocrx_word' id='word_1_177' title='bbox 290 1978 311 2016; x_wconf 84' lang='grc' dir='ltr'><strong>ι</strong></span> <span class='ocrx_word' id='word_1_178' title='bbox 342 1951 535 2022; x_wconf 69' lang='lat' dir='ltr'><strong>mellatio</strong></span> <span class='ocrx_word' id='word_1_179' title='bbox 557 1963 631 2035; x_wconf 84' lang='lat' dir='ltr'><strong>est,</strong></span> <span class='ocrx_word' id='word_1_180' title='bbox 661 1949 747 2049; x_wconf 81' lang='lat' dir='ltr'><strong>quia</strong></span> <span class='ocrx_word' id='word_1_181' title='bbox 775 1973 879 2022; x_wconf 81' lang='lat' dir='ltr'><strong>mens</strong></span> <span class='ocrx_word' id='word_1_182' title='bbox 897 1947 1038 2023; x_wconf 64' lang='lat' dir='ltr'><strong>tuditis</strong></span> <span class='ocrx_word' id='word_1_183' title='bbox 1056 1963 1110 2022; x_wconf 87' lang='lat' dir='ltr'><strong>est</strong></span> <span class='ocrx_word' id='word_1_184' title='bbox 1123 1946 1313 2061; x_wconf 81' lang='lat' dir='ltr'><strong>inquirere</strong></span> <span class='ocrx_word' id='word_1_185' title='bbox 1330 1940 1371 2015; x_wconf 91' lang='lat' dir='ltr'><strong>de</strong></span> 
     </span>
    </p>
   </div>
   <div class='ocr_carea' id='block_1_4' title="bbox 193 2042 1411 4225">
    <p class='ocr_par' dir='ltr' id='par_1_4' title="bbox 193 2042 1411 4225">
     <span class='ocr_line' id='line_1_19' title="bbox 241 2042 1369 2148; baseline -0.001 -31"><span class='ocrx_word' id='word_1_186' title='bbox 241 2137 246 2144; x_wconf 41' lang='lat'><strong>.</strong></span> <span class='ocrx_word' id='word_1_187' title='bbox 291 2076 314 2117; x_wconf 90' lang='grc' dir='ltr'><strong>ιι</strong></span> <span class='ocrx_word' id='word_1_188' title='bbox 343 2045 490 2119; x_wconf 87' lang='lat' dir='ltr'><strong>delicto.</strong></span> <span class='ocrx_word' id='word_1_189' title='bbox 506 2046 603 2134; x_wconf 74' lang='lat' dir='ltr'><strong>Vide</strong></span> <span class='ocrx_word' id='word_1_190' title='bbox 618 2048 733 2119; x_wconf 82' lang='lat' dir='ltr'><strong>Azor.</strong></span> <span class='ocrx_word' id='word_1_191' title='bbox 752 2045 878 2143; x_wconf 83' lang='lat' dir='ltr'><strong>3port.</strong></span> <span class='ocrx_word' id='word_1_192' title='bbox 904 2049 928 2121; x_wconf 88' lang='lat' dir='ltr'><strong>l.</strong></span> <span class='ocrx_word' id='word_1_193' title='bbox 952 2048 995 2124; x_wconf 78' lang='lat'><strong>13</strong></span> <span class='ocrx_word' id='word_1_194' title='bbox 1012 2072 1042 2120; x_wconf 86' lang='lat' dir='ltr'><strong>c.</strong></span> <span class='ocrx_word' id='word_1_195' title='bbox 1062 2042 1369 2148; x_wconf 78' lang='lat' dir='ltr'><strong>27.F1lI.Bonoc.</strong></span> 
     </span>
     <span class='ocr_line' id='line_1_20' title="bbox 238 2143 976 2244; baseline 0.004 -29"><span class='ocrx_word' id='word_1_196' title='bbox 238 2145 242 2154; x_wconf 82' lang='grc'>’</span> <span class='ocrx_word' id='word_1_197' title='bbox 292 2177 314 2215; x_wconf 92' lang='grc' dir='ltr'><strong>ιι</strong></span> <span class='ocrx_word' id='word_1_198' title='bbox 342 2143 976 2244; x_wconf 71' lang='lat' dir='ltr'><strong>d.1oquost.3p.3.taym.l.c.</strong></span> 
     </span>
     <span class='ocr_line' id='line_1_21' title="bbox 235 2229 1411 2345; baseline -0.003 -31"><span class='ocrx_word' id='word_1_199' title='bbox 235 2265 287 2334; x_wconf 59' lang='lat' dir='ltr'><strong>mg,</strong></span> <span class='ocrx_word' id='word_1_200' title='bbox 342 2272 362 2310; x_wconf 87' lang='grc' dir='ltr'><strong>ιι</strong></span> <span class='ocrx_word' id='word_1_201' title='bbox 391 2243 498 2345; x_wconf 82' lang='lat' dir='ltr'><strong>Reep.</strong></span> <span class='ocrx_word' id='word_1_202' title='bbox 517 2241 552 2316; x_wconf 79' lang='lat'><strong>3.</strong></span> <span class='ocrx_word' id='word_1_203' title='bbox 565 2242 774 2336; x_wconf 80' lang='lat' dir='ltr'><strong>Quieciens</strong></span> <span class='ocrx_word' id='word_1_204' title='bbox 790 2241 923 2315; x_wconf 87' lang='lat' dir='ltr'><strong>salsum</strong></span> <span class='ocrx_word' id='word_1_205' title='bbox 939 2256 1089 2318; x_wconf 77' lang='lat' dir='ltr'><strong>testatur</strong></span> <span class='ocrx_word' id='word_1_206' title='bbox 1107 2256 1183 2328; x_wconf 82' lang='lat' dir='ltr'><strong>eet,</strong></span> <span class='ocrx_word' id='word_1_207' title='bbox 1201 2265 1268 2345; x_wconf 87' lang='lat' dir='ltr'><strong>per</strong></span> <span class='ocrx_word' id='word_1_208' title='bbox 1280 2229 1368 2339; x_wconf 83' lang='lat' dir='ltr'><strong>quod</strong></span> <span class='ocrx_word' id='word_1_209' title='bbox 1407 2323 1411 2333; x_wconf 29' lang='grc' dir='ltr'>Ι</span> 
     </span>
     <span class='ocr_line' id='line_1_22' title="bbox 291 2339 1368 2437; baseline -0.003 -23"><span class='ocrx_word' id='word_1_210' title='bbox 291 2373 312 2414; x_wconf 92' lang='grc' dir='ltr'><strong>ιι</strong></span> <span class='ocrx_word' id='word_1_211' title='bbox 342 2339 446 2413; x_wconf 88' lang='lat' dir='ltr'><strong>alteri</strong></span> <span class='ocrx_word' id='word_1_212' title='bbox 475 2340 545 2414; x_wconf 88' lang='lat' dir='ltr'><strong>suit</strong></span> <span class='ocrx_word' id='word_1_213' title='bbox 573 2341 701 2414; x_wconf 84' lang='lat' dir='ltr'><strong>efficax</strong></span> <span class='ocrx_word' id='word_1_214' title='bbox 726 2366 835 2415; x_wconf 83' lang='lat' dir='ltr'><strong>causa</strong></span> <span class='ocrx_word' id='word_1_215' title='bbox 868 2341 994 2416; x_wconf 86' lang='lat' dir='ltr'><strong>damni</strong></span> <span class='ocrx_word' id='word_1_216' title='bbox 1009 2398 1018 2427; x_wconf 90' lang='lat'>‚</span> <span class='ocrx_word' id='word_1_217' title='bbox 1035 2357 1186 2418; x_wconf 89' lang='lat' dir='ltr'><strong>tenetur</strong></span> <span class='ocrx_word' id='word_1_218' title='bbox 1201 2339 1368 2437; x_wconf 81' lang='lat' dir='ltr'><strong>adimpe-</strong></span> 
     </span>
     <span class='ocr_line' id='line_1_23' title="bbox 289 2438 1365 2537; baseline 0.008 -29"><span class='ocrx_word' id='word_1_219' title='bbox 289 2469 311 2535; x_wconf 78' lang='grc' dir='ltr'><strong>ιι</strong></span> <span class='ocrx_word' id='word_1_220' title='bbox 342 2438 542 2525; x_wconf 79' lang='lat' dir='ltr'><strong>ditionem,</strong></span> <span class='ocrx_word' id='word_1_221' title='bbox 565 2439 622 2514; x_wconf 86' lang='lat' dir='ltr'><strong>vel</strong></span> <span class='ocrx_word' id='word_1_222' title='bbox 650 2442 919 2537; x_wconf 75' lang='lat' dir='ltr'><strong>reparationem</strong></span> <span class='ocrx_word' id='word_1_223' title='bbox 941 2442 1109 2515; x_wconf 88' lang='lat' dir='ltr'><strong>omnium</strong></span> <span class='ocrx_word' id='word_1_224' title='bbox 1135 2441 1365 2517; x_wconf 76' lang='lat' dir='ltr'><strong>damnorum.</strong></span> 
     </span>
     <span class='ocr_line' id='line_1_24' title="bbox 193 2530 1365 2637; baseline 0 -28"><span class='ocrx_word' id='word_1_225' title='bbox 193 2572 197 2581; x_wconf 90' lang='lat'><strong>·</strong></span> <span class='ocrx_word' id='word_1_226' title='bbox 290 2562 311 2609; x_wconf 83' lang='grc' dir='ltr'><strong>ι</strong></span> <span class='ocrx_word' id='word_1_227' title='bbox 343 2562 426 2637; x_wconf 80' lang='lat' dir='ltr'><strong>quae</strong></span> <span class='ocrx_word' id='word_1_228' title='bbox 453 2553 664 2613; x_wconf 85' lang='lat' dir='ltr'><strong>oausautur.</strong></span> <span class='ocrx_word' id='word_1_229' title='bbox 692 2539 786 2611; x_wconf 86' lang='lat' dir='ltr'><strong>Item</strong></span> <span class='ocrx_word' id='word_1_230' title='bbox 814 2551 961 2611; x_wconf 89' lang='lat' dir='ltr'><strong>tenetur</strong></span> <span class='ocrx_word' id='word_1_231' title='bbox 984 2565 1153 2614; x_wconf 84' lang='lat' dir='ltr'><strong>revocare</strong></span> <span class='ocrx_word' id='word_1_232' title='bbox 1182 2561 1271 2612; x_wconf 89' lang='lat' dir='ltr'><strong>cum</strong></span> <span class='ocrx_word' id='word_1_233' title='bbox 1299 2530 1365 2633; x_wconf 76' lang='lat' dir='ltr'><strong>pati</strong></span> 
     </span>
     <span class='ocr_line' id='line_1_25' title="bbox 291 2632 1367 2736; baseline -0.004 -30"><span class='ocrx_word' id='word_1_234' title='bbox 291 2667 310 2706; x_wconf 85' lang='grc' dir='ltr'><strong>ι</strong></span> <span class='ocrx_word' id='word_1_235' title='bbox 342 2662 408 2709; x_wconf 84' lang='lat' dir='ltr'><strong>suo</strong></span> <span class='ocrx_word' id='word_1_236' title='bbox 429 2634 589 2722; x_wconf 87' lang='lat' dir='ltr'><strong>damno,</strong></span> <span class='ocrx_word' id='word_1_237' title='bbox 618 2650 656 2710; x_wconf 89' lang='lat' dir='ltr'><strong>et</strong></span> <span class='ocrx_word' id='word_1_238' title='bbox 683 2635 850 2736; x_wconf 87' lang='lat' dir='ltr'><strong>periculo</strong></span> <span class='ocrx_word' id='word_1_239' title='bbox 867 2637 976 2709; x_wconf 69' lang='lat' dir='ltr'><strong>etiam</strong></span> <span class='ocrx_word' id='word_1_240' title='bbox 992 2638 1075 2711; x_wconf 73' lang='lat' dir='ltr'><strong>vitae</strong></span> <span class='ocrx_word' id='word_1_241' title='bbox 1090 2694 1100 2727; x_wconf 86' lang='lat'>,</span> <span class='ocrx_word' id='word_1_242' title='bbox 1118 2641 1147 2711; x_wconf 82' lang='lat' dir='ltr'><strong>ai</strong></span> <span class='ocrx_word' id='word_1_243' title='bbox 1164 2639 1261 2711; x_wconf 85' lang='lat' dir='ltr'><strong>Reus</strong></span> <span class='ocrx_word' id='word_1_244' title='bbox 1275 2632 1318 2705; x_wconf 88' lang='lat' dir='ltr'><strong>de</strong></span> <span class='ocrx_word' id='word_1_245' title='bbox 1331 2653 1367 2702; x_wconf 83' lang='lat' dir='ltr'><strong>ea</strong></span> 
     </span>
     <span class='ocr_line' id='line_1_26' title="bbox 291 2731 1368 2835; baseline -0.006 -28"><span class='ocrx_word' id='word_1_246' title='bbox 291 2765 314 2807; x_wconf 90' lang='grc' dir='ltr'><strong>ιι</strong></span> <span class='ocrx_word' id='word_1_247' title='bbox 345 2734 597 2835; x_wconf 79' lang='lat' dir='ltr'><strong>periclitetur,</strong></span> <span class='ocrx_word' id='word_1_248' title='bbox 616 2750 652 2807; x_wconf 89' lang='lat' dir='ltr'><strong>et</strong></span> <span class='ocrx_word' id='word_1_249' title='bbox 668 2747 820 2835; x_wconf 89' lang='lat' dir='ltr'><strong>putetur</strong></span> <span class='ocrx_word' id='word_1_250' title='bbox 835 2736 1042 2819; x_wconf 74' lang='lat' dir='ltr'><strong>revocando</strong></span> <span class='ocrx_word' id='word_1_251' title='bbox 1061 2735 1207 2835; x_wconf 88' lang='lat' dir='ltr'><strong>aliquid</strong></span> <span class='ocrx_word' id='word_1_252' title='bbox 1223 2731 1368 2807; x_wconf 85' lang='lat' dir='ltr'><strong>effeetu-</strong></span> 
     </span>
     <span class='ocr_line' id='line_1_27' title="bbox 290 2830 1367 2933; baseline -0.003 -34"><span class='ocrx_word' id='word_1_253' title='bbox 290 2863 310 2899; x_wconf 80' lang='grc' dir='ltr'><strong>ι</strong></span> <span class='ocrx_word' id='word_1_254' title='bbox 344 2860 418 2906; x_wconf 85' lang='lat' dir='ltr'><strong>rus.</strong></span> <span class='ocrx_word' id='word_1_255' title='bbox 445 2834 499 2908; x_wconf 78' lang='lat' dir='ltr'><strong>lut</strong></span> <span class='ocrx_word' id='word_1_256' title='bbox 519 2833 775 2907; x_wconf 84' lang='lat' dir='ltr'><strong>communiter.</strong></span> <span class='ocrx_word' id='word_1_257' title='bbox 809 2833 913 2906; x_wconf 86' lang='lat' dir='ltr'><strong>Ratio</strong></span> <span class='ocrx_word' id='word_1_258' title='bbox 944 2849 1023 2925; x_wconf 83' lang='lat' dir='ltr'><strong>est,</strong></span> <span class='ocrx_word' id='word_1_259' title='bbox 1053 2833 1141 2933; x_wconf 86' lang='lat' dir='ltr'><strong>quia</strong></span> <span class='ocrx_word' id='word_1_260' title='bbox 1167 2833 1209 2906; x_wconf 92' lang='lat' dir='ltr'><strong>iu</strong></span> <span class='ocrx_word' id='word_1_261' title='bbox 1242 2830 1367 2903; x_wconf 85' lang='lat' dir='ltr'><strong>damno</strong></span> 
     </span>
     <span class='ocr_line' id='line_1_28' title="bbox 291 2921 1365 3031; baseline -0.003 -28"><span class='ocrx_word' id='word_1_262' title='bbox 291 2960 314 3002; x_wconf 88' lang='grc' dir='ltr'><strong>ιι</strong></span> <span class='ocrx_word' id='word_1_263' title='bbox 344 2931 477 3031; x_wconf 86' lang='lat' dir='ltr'><strong>aequali</strong></span> <span class='ocrx_word' id='word_1_264' title='bbox 503 2929 624 3031; x_wconf 83' lang='lat' dir='ltr'><strong>potibs</strong></span> <span class='ocrx_word' id='word_1_265' title='bbox 648 2930 821 3006; x_wconf 86' lang='lat' dir='ltr'><strong>habenda</strong></span> <span class='ocrx_word' id='word_1_266' title='bbox 850 2945 906 3005; x_wconf 85' lang='lat' dir='ltr'><strong>eet</strong></span> <span class='ocrx_word' id='word_1_267' title='bbox 934 2935 1027 3007; x_wconf 87' lang='lat' dir='ltr'><strong>ratio</strong></span> <span class='ocrx_word' id='word_1_268' title='bbox 1053 2930 1275 3007; x_wconf 85' lang='lat' dir='ltr'><strong>innocentis.</strong></span> <span class='ocrx_word' id='word_1_269' title='bbox 1295 2921 1365 3000; x_wconf 66' lang='lat' dir='ltr'><strong>Vide</strong></span> 
     </span>
     <span class='ocr_line' id='line_1_29' title="bbox 289 3029 658 3128; baseline 0.011 -29"><span class='ocrx_word' id='word_1_270' title='bbox 289 3056 311 3098; x_wconf 88' lang='grc' dir='ltr'><strong>ιι</strong></span> <span class='ocrx_word' id='word_1_271' title='bbox 341 3029 423 3103; x_wconf 86' lang='lat' dir='ltr'><strong>dub.</strong></span> <span class='ocrx_word' id='word_1_272' title='bbox 438 3055 513 3128; x_wconf 84' lang='lat' dir='ltr'><strong>seq.</strong></span> <span class='ocrx_word' id='word_1_273' title='bbox 529 3046 598 3101; x_wconf 82' lang='lat' dir='ltr'><strong>ort.</strong></span> <span class='ocrx_word' id='word_1_274' title='bbox 625 3056 658 3103; x_wconf 86' lang='lat' dir='ltr'><strong>r.</strong></span> 
     </span>
     <span class='ocr_line' id='line_1_30' title="bbox 342 3121 1368 3228; baseline -0.011 -27"><span class='ocrx_word' id='word_1_275' title='bbox 342 3157 361 3192; x_wconf 82' lang='grc' dir='ltr'><strong>ι</strong></span> <span class='ocrx_word' id='word_1_276' title='bbox 394 3129 474 3201; x_wconf 86' lang='lat' dir='ltr'><strong>Dixi</strong></span> <span class='ocrx_word' id='word_1_277' title='bbox 508 3154 537 3200; x_wconf 87' lang='lat'><strong>1.</strong></span> <span class='ocrx_word' id='word_1_278' title='bbox 559 3127 683 3202; x_wconf 84' lang='lat' dir='ltr'><strong>Sciens</strong></span> <span class='ocrx_word' id='word_1_279' title='bbox 699 3157 712 3201; x_wconf 92' lang='lat'><strong>.·</strong></span> <span class='ocrx_word' id='word_1_280' title='bbox 728 3127 840 3228; x_wconf 83' lang='lat' dir='ltr'><strong>quia,</strong></span> <span class='ocrx_word' id='word_1_281' title='bbox 857 3127 886 3201; x_wconf 82' lang='lat' dir='ltr'><strong>si</strong></span> <span class='ocrx_word' id='word_1_282' title='bbox 905 3151 948 3201; x_wconf 82' lang='lat' dir='ltr'><strong>ex</strong></span> <span class='ocrx_word' id='word_1_283' title='bbox 963 3122 1166 3225; x_wconf 81' lang='lat' dir='ltr'><strong>ignorantia</strong></span> <span class='ocrx_word' id='word_1_284' title='bbox 1181 3184 1191 3217; x_wconf 89' lang='lat'>‚</span> <span class='ocrx_word' id='word_1_285' title='bbox 1207 3121 1368 3200; x_wconf 79' lang='lat' dir='ltr'><strong>inadver-</strong></span> 
     </span>
     <span class='ocr_line' id='line_1_31' title="bbox 290 3224 1367 3324; baseline 0.007 -28"><span class='ocrx_word' id='word_1_286' title='bbox 290 3255 312 3293; x_wconf 86' lang='grc' dir='ltr'><strong>ιι</strong></span> <span class='ocrx_word' id='word_1_287' title='bbox 346 3227 469 3309; x_wconf 72' lang='lat' dir='ltr'><strong>tentit,</strong></span> <span class='ocrx_word' id='word_1_288' title='bbox 488 3239 553 3297; x_wconf 88' lang='lat' dir='ltr'><strong>aut</strong></span> <span class='ocrx_word' id='word_1_289' title='bbox 569 3225 756 3300; x_wconf 68' lang='lat' dir='ltr'><strong>oblivione</strong></span> <span class='ocrx_word' id='word_1_290' title='bbox 767 3224 985 3324; x_wconf 87' lang='lat' dir='ltr'><strong>inculpabili</strong></span> <span class='ocrx_word' id='word_1_291' title='bbox 1001 3225 1135 3301; x_wconf 75' lang='lat' dir='ltr'><strong>talanat</strong></span> <span class='ocrx_word' id='word_1_292' title='bbox 1148 3241 1204 3300; x_wconf 84' lang='lat' dir='ltr'><strong>est</strong></span> <span class='ocrx_word' id='word_1_293' title='bbox 1217 3233 1367 3303; x_wconf 68' lang='lat' dir='ltr'><strong>testatur»</strong></span> 
     </span>
     <span class='ocr_line' id='line_1_32' title="bbox 291 3312 1370 3425; baseline -0.004 -29"><span class='ocrx_word' id='word_1_294' title='bbox 291 3355 310 3391; x_wconf 77' lang='grc' dir='ltr'><strong>ι</strong></span> <span class='ocrx_word' id='word_1_295' title='bbox 342 3324 410 3396; x_wconf 75' lang='lat' dir='ltr'><strong>etei</strong></span> <span class='ocrx_word' id='word_1_296' title='bbox 424 3326 592 3399; x_wconf 82' lang='lat' dir='ltr'><strong>teneatur</strong></span> <span class='ocrx_word' id='word_1_297' title='bbox 605 3322 797 3425; x_wconf 81' lang='lat' dir='ltr'><strong>impedire,</strong></span> <span class='ocrx_word' id='word_1_298' title='bbox 815 3326 845 3398; x_wconf 85' lang='lat' dir='ltr'><strong>si</strong></span> <span class='ocrx_word' id='word_1_299' title='bbox 862 3327 988 3424; x_wconf 82' lang='lat' dir='ltr'><strong>possit,</strong></span> <span class='ocrx_word' id='word_1_300' title='bbox 1005 3339 1209 3399; x_wconf 86' lang='lat' dir='ltr'><strong>nontamen</strong></span> <span class='ocrx_word' id='word_1_301' title='bbox 1222 3320 1269 3396; x_wconf 89' lang='lat' dir='ltr'><strong>ad</strong></span> <span class='ocrx_word' id='word_1_302' title='bbox 1279 3312 1370 3392; x_wconf 70' lang='lat' dir='ltr'><strong>resti·</strong></span> 
     </span>
     <span class='ocr_line' id='line_1_33' title="bbox 290 3418 1366 3511; baseline -0.007 -18"><span class='ocrx_word' id='word_1_303' title='bbox 290 3453 313 3493; x_wconf 90' lang='grc' dir='ltr'><strong>ιι</strong></span> <span class='ocrx_word' id='word_1_304' title='bbox 342 3421 522 3496; x_wconf 88' lang='lat' dir='ltr'><strong>tutionem</strong></span> <span class='ocrx_word' id='word_1_305' title='bbox 536 3435 701 3511; x_wconf 84' lang='lat' dir='ltr'><strong>tenetur,</strong></span> <span class='ocrx_word' id='word_1_306' title='bbox 719 3422 859 3501; x_wconf 74' lang='lat' dir='ltr'><strong>etiamsi</strong></span> <span class='ocrx_word' id='word_1_307' title='bbox 872 3424 966 3496; x_wconf 82' lang='lat' dir='ltr'><strong>Reus</strong></span> <span class='ocrx_word' id='word_1_308' title='bbox 981 3420 1187 3497; x_wconf 88' lang='lat' dir='ltr'><strong>damnetur.</strong></span> <span class='ocrx_word' id='word_1_309' title='bbox 1199 3418 1297 3495; x_wconf 88' lang='lat' dir='ltr'><strong>Ratio</strong></span> <span class='ocrx_word' id='word_1_310' title='bbox 1308 3424 1366 3500; x_wconf 84' lang='lat' dir='ltr'><strong>est,</strong></span> 
     </span>
     <span class='ocr_line' id='line_1_34' title="bbox 290 3516 1365 3622; baseline -0.013 -29"><span class='ocrx_word' id='word_1_311' title='bbox 290 3551 313 3593; x_wconf 88' lang='grc' dir='ltr'><strong>ιι</strong></span> <span class='ocrx_word' id='word_1_312' title='bbox 343 3521 427 3619; x_wconf 88' lang='lat' dir='ltr'><strong>quia</strong></span> <span class='ocrx_word' id='word_1_313' title='bbox 443 3545 563 3621; x_wconf 85' lang='lat' dir='ltr'><strong>neque</strong></span> <span class='ocrx_word' id='word_1_314' title='bbox 575 3535 723 3595; x_wconf 87' lang='lat' dir='ltr'><strong>tenetur</strong></span> <span class='ocrx_word' id='word_1_315' title='bbox 736 3547 780 3594; x_wconf 79' lang='lat' dir='ltr'><strong>eu</strong></span> <span class='ocrx_word' id='word_1_316' title='bbox 797 3544 837 3595; x_wconf 85' lang='lat' dir='ltr'><strong>re</strong></span> <span class='ocrx_word' id='word_1_317' title='bbox 852 3536 997 3620; x_wconf 86' lang='lat' dir='ltr'><strong>recepta</strong></span> <span class='ocrx_word' id='word_1_318' title='bbox 1012 3547 1153 3622; x_wconf 84' lang='lat' dir='ltr'><strong>,neque</strong></span> <span class='ocrx_word' id='word_1_319' title='bbox 1167 3546 1210 3594; x_wconf 83' lang='lat' dir='ltr'><strong>ex</strong></span> <span class='ocrx_word' id='word_1_320' title='bbox 1226 3516 1365 3591; x_wconf 87' lang='lat' dir='ltr'><strong>delicto.</strong></span> 
     </span>
     <span class='ocr_line' id='line_1_35' title="bbox 343 3606 1365 3720; baseline -0.009 -33"><span class='ocrx_word' id='word_1_321' title='bbox 343 3646 363 3687; x_wconf 92' lang='grc' dir='ltr'><strong>ιι</strong></span> <span class='ocrx_word' id='word_1_322' title='bbox 390 3617 472 3691; x_wconf 78' lang='lat' dir='ltr'><strong>Dixi</strong></span> <span class='ocrx_word' id='word_1_323' title='bbox 505 3646 526 3692; x_wconf 83' lang='lat'><em>2</em></span> <span class='ocrx_word' id='word_1_324' title='bbox 560 3619 679 3690; x_wconf 80' lang='lat' dir='ltr'><strong>Causa</strong></span> <span class='ocrx_word' id='word_1_325' title='bbox 707 3622 837 3712; x_wconf 70' lang='lat' dir='ltr'><strong>affirm</strong></span> <span class='ocrx_word' id='word_1_326' title='bbox 857 3648 870 3688; x_wconf 90' lang='lat'><strong>.·</strong></span> <span class='ocrx_word' id='word_1_327' title='bbox 915 3618 996 3709; x_wconf 79' lang='lat' dir='ltr'><strong>uia,</strong></span> <span class='ocrx_word' id='word_1_328' title='bbox 1020 3621 1088 3693; x_wconf 74' lang='lat' dir='ltr'><strong>sia</strong></span> <span class='ocrx_word' id='word_1_329' title='bbox 1110 3634 1211 3720; x_wconf 88' lang='lat' dir='ltr'><strong>parte</strong></span> <span class='ocrx_word' id='word_1_330' title='bbox 1230 3612 1278 3688; x_wconf 88' lang='lat' dir='ltr'><strong>rei</strong></span> <span class='ocrx_word' id='word_1_331' title='bbox 1302 3606 1365 3682; x_wconf 81' lang='lat' dir='ltr'><strong>sat·</strong></span> 
     </span>
     <span class='ocr_line' id='line_1_36' title="bbox 290 3645 1363 3810; baseline 0.004 -23"><span class='ocrx_word' id='word_1_332' title='bbox 290 3747 312 3787; x_wconf 95' lang='grc' dir='ltr'><strong>ιι</strong></span> <span class='ocrx_word' id='word_1_333' title='bbox 340 3742 423 3807; x_wconf 74' lang='lat' dir='ltr'><strong>eum</strong></span> <span class='ocrx_word' id='word_1_334' title='bbox 443 3714 538 3789; x_wconf 90' lang='lat' dir='ltr'><strong>illud</strong></span> <span class='ocrx_word' id='word_1_335' title='bbox 554 3717 805 3807; x_wconf 86' lang='lat' dir='ltr'><strong>testimonium</strong></span> <span class='ocrx_word' id='word_1_336' title='bbox 819 3645 915 3791; x_wconf 78' lang='lat' dir='ltr'><strong>nihii</strong></span> <span class='ocrx_word' id='word_1_337' title='bbox 926 3716 1117 3803; x_wconf 79' lang='lat' dir='ltr'><strong>effecisset.</strong></span> <span class='ocrx_word' id='word_1_338' title='bbox 1133 3714 1234 3791; x_wconf 81' lang='lat' dir='ltr'><strong>verbi</strong></span> <span class='ocrx_word' id='word_1_339' title='bbox 1250 3707 1363 3810; x_wconf 72' lang='lat' dir='ltr'><strong>gratili</strong></span> 
     </span>
     <span class='ocr_line' id='line_1_37' title="bbox 291 3810 1364 3982; baseline -0.007 -97"><span class='ocrx_word' id='word_1_340' title='bbox 291 3845 313 3885; x_wconf 89' lang='grc' dir='ltr'><strong>ιι</strong></span> <span class='ocrx_word' id='word_1_341' title='bbox 342 3815 428 3982; x_wconf 59' lang='lat' dir='ltr'><strong>puin</strong></span> <span class='ocrx_word' id='word_1_342' title='bbox 460 3840 527 3929; x_wconf 89' lang='lat' dir='ltr'><strong>per</strong></span> <span class='ocrx_word' id='word_1_343' title='bbox 559 3815 645 3888; x_wconf 86' lang='lat' dir='ltr'><strong>salsa</strong></span> <span class='ocrx_word' id='word_1_344' title='bbox 678 3814 885 3890; x_wconf 85' lang='lat' dir='ltr'><strong>testimonia</strong></span> <span class='ocrx_word' id='word_1_345' title='bbox 905 3810 1061 3889; x_wconf 86' lang='lat' dir='ltr'><strong>aliorum</strong></span> <span class='ocrx_word' id='word_1_346' title='bbox 1075 3821 1161 3890; x_wconf 88' lang='lat' dir='ltr'><strong>·&#39;am</strong></span> <span class='ocrx_word' id='word_1_347' title='bbox 1179 3828 1249 3887; x_wconf 85' lang='lat' dir='ltr'><strong>tota</strong></span> <span class='ocrx_word' id='word_1_348' title='bbox 1267 3823 1364 3916; x_wconf 67' lang='lat' dir='ltr'><strong>canat</strong></span> 
     </span>
     <span class='ocr_line' id='line_1_38' title="bbox 290 3844 1364 4011; baseline 0 -28"><span class='ocrx_word' id='word_1_349' title='bbox 290 3943 313 3982; x_wconf 88' lang='grc' dir='ltr'><strong>ιι</strong></span> <span class='ocrx_word' id='word_1_350' title='bbox 371 3938 469 3984; x_wconf 78' lang='lat' dir='ltr'><strong>amnt</strong></span> <span class='ocrx_word' id='word_1_351' title='bbox 499 3923 577 3986; x_wconf 86' lang='lat' dir='ltr'><strong>erat</strong></span> <span class='ocrx_word' id='word_1_352' title='bbox 605 3912 711 3999; x_wconf 85' lang='lat' dir='ltr'><strong>data,</strong></span> <span class='ocrx_word' id='word_1_353' title='bbox 733 3916 779 3995; x_wconf 73' lang='lat' dir='ltr'><strong>ita</strong></span> <span class='ocrx_word' id='word_1_354' title='bbox 810 3929 851 3987; x_wconf 92' lang='lat' dir='ltr'><strong>ut</strong></span> <span class='ocrx_word' id='word_1_355' title='bbox 882 3912 992 4011; x_wconf 75' lang='lat' dir='ltr'><strong>judex</strong></span> <span class='ocrx_word' id='word_1_356' title='bbox 1020 3938 1062 3988; x_wconf 88' lang='lat' dir='ltr'><strong>ex</strong></span> <span class='ocrx_word' id='word_1_357' title='bbox 1082 3844 1154 3988; x_wconf 86' lang='lat' dir='ltr'><strong>boc</strong></span> <span class='ocrx_word' id='word_1_358' title='bbox 1171 3911 1364 3987; x_wconf 78' lang='lat' dir='ltr'><strong>testimonw</strong></span> 
     </span>
     <span class='ocr_line' id='line_1_39' title="bbox 290 4006 1361 4103; baseline 0 -22"><span class='ocrx_word' id='word_1_359' title='bbox 290 4041 309 4076; x_wconf 85' lang='grc' dir='ltr'><strong>ι</strong></span> <span class='ocrx_word' id='word_1_360' title='bbox 341 4008 435 4082; x_wconf 88' lang='lat' dir='ltr'><strong>nihil</strong></span> <span class='ocrx_word' id='word_1_361' title='bbox 456 4011 567 4085; x_wconf 81' lang='lat' dir='ltr'><strong>suerit</strong></span> <span class='ocrx_word' id='word_1_362' title='bbox 583 4028 729 4103; x_wconf 77' lang='lat' dir='ltr'><strong>motus,</strong></span> <span class='ocrx_word' id='word_1_363' title='bbox 749 4012 796 4085; x_wconf 88' lang='lat' dir='ltr'><strong>ad</strong></span> <span class='ocrx_word' id='word_1_364' title='bbox 814 4010 909 4085; x_wconf 89' lang='lat' dir='ltr'><strong>nihil</strong></span> <span class='ocrx_word' id='word_1_365' title='bbox 926 4011 1116 4086; x_wconf 73' lang='lat' dir='ltr'><strong>tenebitur.</strong></span> <span class='ocrx_word' id='word_1_366' title='bbox 1138 4012 1236 4086; x_wconf 76' lang='lat' dir='ltr'><strong>Lesa.</strong></span> <span class='ocrx_word' id='word_1_367' title='bbox 1256 4006 1281 4081; x_wconf 86' lang='lat' dir='ltr'><strong>l.</strong></span> <span class='ocrx_word' id='word_1_368' title='bbox 1300 4021 1361 4078; x_wconf 63' lang='grc' dir='ltr'><em>ιθ·</em></span> 
     </span>
     <span class='ocr_line' id='line_1_40' title="bbox 286 4106 1135 4225; baseline 0.006 -40"><span class='ocrx_word' id='word_1_369' title='bbox 286 4127 310 4185; x_wconf 68' lang='grc' dir='ltr'><em>»ι’</em></span> <span class='ocrx_word' id='word_1_370' title='bbox 342 4106 736 4212; x_wconf 62' lang='lat' dir='ltr'><strong>tetrartemoria</strong></span> <span class='ocrx_word' id='word_1_371' title='bbox 752 4110 777 4225; x_wconf 62' lang='lat' dir='ltr'><strong>l.</strong></span> <span class='ocrx_word' id='word_1_372' title='bbox 797 4109 819 4186; x_wconf 80' lang='grc'>3</span> <span class='ocrx_word' id='word_1_373' title='bbox 838 4126 865 4185; x_wconf 85' lang='lat' dir='ltr'><strong>t.</strong></span> <span class='ocrx_word' id='word_1_374' title='bbox 886 4110 1135 4217; x_wconf 64' lang='lat' dir='ltr'><strong>bc.8etalii.</strong></span> 
     </span>
    </p>
   </div>
   <div class='ocr_carea' id='block_1_5' title="bbox 152 2400 173 2475">
    <p class='ocr_par' dir='ltr' id='par_1_5' title="bbox 152 2400 173 2475">
     <span class='ocr_line' id='line_1_41' title="bbox 152 2400 173 2475; baseline 0 0"><span class='ocrx_word' id='word_1_375' title='bbox 152 2400 173 2475; x_wconf 82' lang='lat' dir='ltr'><strong>&#39;r</strong></span> 
     </span>
    </p>
   </div>
   <div class='ocr_carea' id='block_1_6' title="bbox 30 4280 33 4436">
    <p class='ocr_par' dir='ltr' id='par_1_6' title="bbox 30 4248 33 4436">
     <span class='ocr_line' id='line_1_42' title="bbox 30 4280 33 4436; baseline 0 0"><span class='ocrx_word' id='word_1_376' title='bbox 30 4280 33 4436; x_wconf 83' lang='lat' dir='ltr'><strong>l</strong></span> 
     </span>
    </p>
   </div>
   <div class='ocr_carea' id='block_1_7' title="bbox 0 0 1454 4675">
    <p class='ocr_par' dir='ltr' id='par_1_7' title="bbox 0 0 1454 4675">
     <span class='ocr_line' id='line_1_43' title="bbox 0 0 1454 4675; baseline 0 0"><span class='ocrx_word' id='word_1_377' title='bbox 0 0 1454 4675; x_wconf 95' lang='lat' dir='ltr'><strong> </strong></span> 
     </span>
    </p>
   </div>
  </div>
 </body>
</html>
