2900 4675
288 287 382 380 cap.
396 288 424 355 l.
442 285 531 356 Dub.
549 286 577 354 l.
593 287 645 355 De
660 284 795 355 Peccato
810 287 987 376 ingenue.
1118 305 1178 377 2'07
1255 232 1256 241 ¹

143 430 171 465 a
200 426 232 473 a.
252 399 407 472 Defectu
427 398 597 477 secundae
612 398 860 490 conditionis,
881 398 1036 475 subinde
1056 403 1075 474 a
1093 423 1182 502 pec*

89 516 127 567 *s
153 513 229 571 cato
261 512 479 570 excusantur
513 496 824 571 vehementissimi
855 515 975 573 motus
1005 502 1094 584 irae,
1120 514 1184 573 aut

106 626 125 662 a
154 596 476 695 concupiscentiae,
495 594 630 695 quibus
649 622 737 669 usus
751 597 901 671 rationis
920 597 1155 699 perturbatur
1171 648 1191 689 ς

105 723 125 765 a
151 711 186 766 et
204 694 352 767 libertas
368 694 523 766 tollitur.
727 784 730 789 ,

148 824 170 862 n
197 794 232 867 3.
252 791 404 864 Defectu
421 791 534 864 tertiae
553 816 629 863 non
643 806 795 890 peccat,
812 793 876 893 qni
894 793 954 866 die
976 796 1121 893 jejunii,
1139 794 1186 891 de

104 918 124 963 a
149 888 439 991 praeceptonibil
455 889 632 988 cogitans,
647 898 787 975 coenat‚'
805 890 861 963 vel
875 918 1003 965 carnes
1015 893 1185 980 comedit.

104 1014 124 1057 n
150 989 220 1061 etsi
238 992 400 1061 advertat
411 1014 471 1060 eas
490 986 560 1061 sibi
578 985 828 1065 delectabiles.
841 988 1009 1089 Itemqui
1023 991 1187 1091 lapidem

99 1114 121 1149 a
176 1087 297 1182 roiicit
314 1098 379 1185 pe'r
409 1087 637 1176 fenestram,
663 1111 740 1160 non
763 1088 953 1161 advertens
978 1088 1187 1189 pericolum

104 1210 124 1261 o
150 1114 305 1258 laesionis
322 1210 331 1271 ;
349 1183 403 1256 rel
422 1185 488 1284 qui
512 1197 742 1257 contractum
764 1188 974 1260 usurarium
996 1186 1186 1273 celebrat,

104 1307 124 1354 ι
150 1310 226 1356 non
253 1282 443 1355 advertens
469 1308 546 1356 esse
566 1282 706 1371 talem,
725 1281 897 1358 Sanchd.
923 1312 935 1358 1
958 1311 989 1358 c.
1015 1286 1063 1360 26
1083 1309 1120 1359 n.
1140 1311 1182 1360 ar

105 1381 477 1480 »Reg.l.15n.75,.

150 1511 170 1547 »
198 1482 236 1572 4.
256 1478 397 1553 Damna
416 1534 426 1565 ‚
445 1493 482 1550 et
499 1493 647 1552 eventus
665 1477 779 1648 qlicet
793 1476 934 1579 alioqui
953 1478 1188 1597 frequentes)

103 1605 122 1643 ι
150 1603 193 1650 ex
209 1577 384 1650 ebrietate
397 1579 512 1650 secuti
525 1635 535 1666 ,
548 1591 582 1649 et
600 1576 666 1649 nul
685 1604 706 1649 o
720 1577 831 1650 modo
840 1579 979 1679 praevisi
993 1639 1002 1665 ,
1016 1579 1117 1653 moui
1172 1620 1190 1636 ·

104 1698 121 1743 s
151 1674 243 1748 biles
264 1690 351 1748 sunt
369 1705 376 1746 :
394 1676 480 1774 quia
497 1679 699 1764 accione,
720 1700 788 1747 nec
805 1679 842 1748 in
859 1679 977 1750 causis
993 1694 1079 1751 sunt
1097 1608 1190 1751 libe-

106 1802 122 1839 ·
152 1778 198 1848 ri.
217 1775 314 1846 Sunt
330 1772 414 1846 verb
427 1771 659 1873 culpabiles,
678 1775 709 1844 si
729 1775 804 1845 sint
822 1776 964 1873 praevisi
982 1829 992 1860 ,
1014 1800 1082 1848 nec
1101 1775 1190 1848 dili·

108 1901 127 1941 »
154 1873 276 1971 gentia
293 1870 476 1945 sufficiens
502 1897 543 1943 ex
561 1873 775 1971 praescripto
790 1871 995 1970 prudentiae
1013 1873 1060 1945 sit
1081 1873 1190 1947 adhi-

104 2000 125 2043 n
150 1972 250 2058 bita,
271 1996 319 2042 ne
332 1985 575 2070 sequerentur
590 1998 598 2039 :
615 1973 655 2041 el
668 1966 754 2044 verb
769 1968 931 2042 adhibita
946 2026 955 2060 ‚
976 1972 1041 2044 etsi
1066 1976 1192 2071 postel

106 2100 125 2140 u
153 2072 324 2143 eveniant
339 2124 349 2153 ,
367 2068 477 2167 culpa
494 2082 649 2140 vacant:
671 2069 736 2141 Uti
758 2072 867 2140 etiam
890 2120 901 2155 ‚
921 2067 1079 2167 quandb
1091 2074 1193 2165 juxta

107 2197 127 2251 n
153 2166 228 2243 loci
248 2181 311 2254 ‚et
328 2167 501 2268 temporis
520 2167 811 2238 circumstantias
831 2192 907 2238 non
926 2193 972 2266 ap
1002 2182 1077 2240 aret
1091 2166 1193 2267 peri-

108 2294 127 2335 a
154 2266 285 2340 culum
300 2264 408 2352 mali,
427 2262 585 2364 ideisque
598 2262 702 2336 nulla
717 2263 858 2336 cautela
878 2278 932 2337 est
947 2195 1125 2339 adbibita.
1140 2267 1194 2342 lt'a

107 2394 126 2431 s
156 2369 269 2464 Vosq.
293 2390 304 2436 i
327 2364 415 2437 aad
433 2365 500 2455 ¹24
524 2391 600 2459 cap.
620 2389 654 2434 2.
671 2362 815 2456 Quibus
834 2364 1070 2438 conformiter
1090 2365 1197 2440 Lcss.
1310 2437 1315 2446 ,

109 2494 130 2532 a
154 2465 209 2537 lib.
229 2468 256 2557 4
272 2486 349 2557 cop.
368 2489 402 2535 2.
418 2461 549 2551 docet,
567 2462 598 2533 si
614 2461 860 2559 negligentia,
875 2461 1084 2536 ebrietatem
1100 2513 1111 2550 ,
1133 2479 1197 2538 aot

109 2593 128 2631 u
156 2576 309 2635 eventus
326 2588 370 2634 cx
395 2586 436 2633 ea
460 2562 564 2659 sequi
580 2559 707 2632 solitos
725 2560 973 2660 praecavendi,
989 2563 1098 2652 fuerit
1115 2575 1198 2634 tan-

110 2690 129 2735 s
156 2659 235 2734 tiam
248 2656 400 2730 venialis
417 2713 426 2744 ,
443 2663 551 2730 etiam
572 2657 690 2743 mala,
708 2683 790 2757 quae
800 2659 989 2778 praevideri
1006 2675 1195 2759 poterant,

110 2788 130 2832 u
155 2757 303 2832 tantiam
325 2755 479 2842 venialia
503 2756 613 2845 sore;
667 2759 755 2842 uia,
778 2783 863 2828 oum
888 2759 1023 2829 nonin
1046 2785 1085 2830 se
1104 2811 1115 2841 ,
1132 2759 1199 2830 sed

112 2887 132 2931 a
160 2855 308 2930 tantbm
329 2851 368 2927 in
396 2880 504 2926 causa
530 2783 763 2960 sintlillgera,
788 2880 863 2926 non
883 2870 1038 2954 possunt
1064 2854 1199 2928 babere

112 2985 134 3026 a
159 2980 340 3055 malorem
357 2951 658 3052 culpam,quam
673 2953 751 3050 ipsa
769 2978 891 3024 causa.
918 2984 937 3021 »
1249 3027 1251 3034 ,
1299 2962 1302 2968 “

160 3054 267 3128 Circa
294 3047 585 3137 Advertentr'om,
616 3065 653 3121 et
671 3054 889 3121 Consensum
915 3052 1135 3151 requisitum
1153 3052 1200 3125 ad
1223 3109 1240 3159 3

115 3166 310 3253 peccatum
339 3147 463 3247 aliqua
494 3147 697 3222 necessaria
726 3163 956 3223 annotemus.
977 3153 1028 3224 Et
1049 3151 1080 3224 Ι.
1104 3152 1200 3226 circa

117 3247 379 3323 Advertentiorn
400 3244 592 3318 tutelarios
612 3245 818 3319 notandum
852 3275 882 3321 r.
911 3248 1012 3346 quod
1041 3251 1201 3338 modus,

118 3375 188 3447 quo
204 3360 398 3449 peccatum
420 3346 632 3444 perficitur,
649 3343 709 3416 bic
724 3346 792 3436 sit;
811 3343 934 3419 Primo
951 3346 1135 3444 objectum
1152 3375 1203 3422 re-

118 3460 359 3545 praesentatur
385 3441 574 3534 sensibus,
600 3458 637 3516 et
653 3447 718 3514 sua
747 3441 1202 3546 delectabilitate'physicd

119 3557 324 3618 commovet
349 3544 552 3642 appetitum
570 3540 797 3630 sensitivam.
825 3542 967 3616 Deinde
993 3545 1203 3617 intellectus

120 3643 164 3716 ad
190 3639 287 3717 illud
304 3697 314 3727 ,
329 3656 365 3713 et
381 3638 428 3711 ad
447 3666 550 3712 suam
571 3639 749 3712 malitiam
774 3639 939 3715 advertit.
957 3642 1116 3714 Demirm
1139 3668 1206 3717 vm

114 3741 245 3814 ‘luntas
261 3742 298 3812 in
316 3737 412 3811 illud
427 3739 478 3810 sic
499 3737 686 3836 cognitum
703 3739 896 3812 consentit.
925 3738 1138 3813 Notandum
1159 3767 1203 3827 a,

116 3839 225 3940 quod
251 3835 462 3913 intellectus
488 3834 631 3934 duplici
651 3834 763 3910 modo
784 3835 970 3909 advertere
993 3841 1130 3937 possit,
1149 3837 1206 3913 vel

118 3937 248 4042 picard,
268 3933 445 4008 nimiritm
462 3932 687 4035 quandbnos
703 3950 825 4008 mente
840 3935 1008 4034 expediti
1027 3937 1205 4010 discerni-

126 4063 208 4108 mus
226 4060 236 4125 ;
254 4033 544 4129 Velsemz‘pleud,
561 4029 712 4131 quandia
730 4059 806 4105 rem
821 4035 1073 4132 cognoscimus
1084 4052 1206 4107 mente

122 4159 201 4207 non
223 4129 333 4233 pleni
353 4130 545 4233 expedita,
564 4133 657 4230 quia
674 4128 769 4208 sorte
797 4157 925 4207 snmus
945 4131 1004 4208 vel
1029 4135 1206 4210 semidor-
