2900 4675
259 249 323 320 ms
364 254 402 320 Is.
421 238 464 321 V}
480 252 531 320 De
546 253 670 321 ratione
684 230 898 339 cogboseendr
912 267 944 319 et
954 214 1091 318 (liccem.
1109 249 1252 316 Peccata.

257 366 488 451 committat,
530 390 603 462 quo
627 363 704 436 vini
736 363 917 455 effectum·
938 363 1110 462 effugiat:
1158 363 1215 435 uia
1237 360 1342 463 potio

257 461 323 534 illa
346 469 418 559 jam
449 462 496 534 de
515 488 553 535 sc
576 478 630 534 est
656 461 851 536 intrinsece
875 460 999 551 mala,
1027 460 1113 535 ciam
1130 387 1178 531 le
1197 485 1235 533 se
1254 475 1341 560 apta

258 564 330 659 jam
346 563 392 632 sit
409 560 455 633 ad
483 560 699 661 privandum
719 560 907 633 bominem
928 586 996 633 uso
1016 559 1168 632 rationis
1189 614 1198 648 ,
1225 574 1262 632 et
1275 586 1344 658 per

259 657 429 732 accidens
446 684 484 732 se
510 657 664 747 haheat,
684 658 784 758 quod
805 661 884 758 ipsc
903 657 959 730 vel
981 682 1047 758 per
1065 682 1262 744 somnum,
1281 656 1345 730 vel

253 780 323 855 per
342 756 620 830 inebriationem
640 757 807 830 sensibus
822 760 998 857 privetur.

256 882 261 889 ·
305 886 326 922 a
355 881 389 952 7.
415 855 553 955 Siquis
573 871 656 956 post
679 870 810 955 potum
838 851 1045 928 discernere
1069 849 1200 925 'adhirc
1221 852 1340 952 possit

256 983 277 1025 r>
305 952 402 1026 inter
419 953 562 1027 bonum
582 1011 590 1040 ‚
613 969 650 1027 et
666 954 806 1026 malum
822 1011 831 1047 ,
847 953 934 1025 licet
958 947 1128 1025 nonnihil
1147 946 1340 1049 phantasia

224 1056 230 1066 '
256 1078 277 1120 n
306 1050 454 1125 turbata
470 1053 539 1137 sit,
561 1066 624 1127 aut
644 1067 819 1150 sequatur
843 1053 1020 1133 vomitos,
1039 1049 1167 1147 lingua
1184 1048 1340 1137 titubet,

254 1177 277 1219 n
306 1149 417 1249 pedes
439 1151 627 1237 vacillent,
651 1148 749 1223 oculi
765 1154 917 1223 cernant
930 1147 1111 1247 duplicia‚·
1130 1143 1187 1218 vel
1205 1145 1339 1219 domus

256 1277 274 1314 s
306 1250 422 1346 gyrari
466 1248 667 1341 videatur,
708 1248 878 1320 nondum
915 1246 1030 1346 plena
1066 1261 1121 1318 est
1152 1243 1339 1344 ebrietas:

256 1376 277 1413 n
305 1346 462 1445 ideisque
498 1345 641 1420 tantism
707 1360 873 1439 cocetum
901 1345 1076 1432 veniale,
1103 1343 1268 1444 qubmvis
1295 1366 1341 1415 ex

144 1496 147 1501 -
199 1494 205 1529 ,-
255 1473 274 1508 ι
303 1443 548 1612 pravioribus,
568 1445 599 1518 si
614 1373 811 1523 deliberate
825 1445 872 1517 sit
884 1444 1132 1517 commissum.
1151 1439 1199 1514 V.
1211 1440 1339 1537 Loym.

254 1571 274 1607 υ
346 1569 368 1615 c

304 1668 325 1707 a
353 1643 388 1715 8.
414 1639 528 1715 Plena
547 1639 701 1714 ebrietas
719 1652 925 1714 notatur‘ex
943 1638 1001 1713 his
1019 1639 1151 1739 signis,
1172 1658 1255 1738 quc
1275 1634 1342 1711 dat

255 1765 274 1803 s
305 1738 405 1811 Lesa.
425 1738 459 1813 d.
477 1743 500 1833 4
525 1766 560 1812 n.
583 1742 641 1815 30.
659 1755 694 1810 et
707 1738 798 1836 Beg.
832 1766 864 1821 r,
879 1740 916 1811 Si
931 1738 1013 1837 quis
1028 1764 1105 1810 non
1126 1735 1338 1808 meminerit

255 1864 277 1905 n
305 1832 508 1927 dictorum,
521 1839 714 1922 sactorum,
727 1836 934 1937 quomodb,
951 1836 1005 1909 rel
1020 1833 1171 1935 quondb
1180 1833 1339 1909 domum

255 1960 274 2000 ο
306 1933 497 2010 deductos:
513 1959 553 2010 ³2.
575 1938 611 2008 Si
631 1936 815 2008 commisit
830 1960 896 2021 ea,
918 1958 1000 2033 quae
1021 1934 1226 2032 numquim
1247 1931 1340 2004 altas

256 2062 277 2102 n
305 2039 391 2107 sant
418 2047 541 2107 mente
560 2033 679 2106 solet:
705 2059 741 2106 v.
770 2060 824 2131 gr.
844 2033 873 2104 ai
895 2047 1183 2132 praetermorem
1215 2032 1342 2200 turpia

256 2160 276 2195 ι
306 2133 354 2206 sit
383 2131 565 2220 locutus,
598 2132 755 2205 turbarit
790 2131 942 2204 domum
970 2187 980 2219 ‚
1017 2155 1168 2203 uxorem
1203 2154 1269 2204 ver
1298 2154 1340 2201 e-

230 2271 232 2277 *
255 2250 276 2296 t>
304 2231 414 2319 sirit,
432 2245 502 2304 etc.

303 2360 323 2396 »
352 2354 390 2427 9.
420 2328 516 2404 Mala
545 2327 583 2401 in
608 2326 780 2402 ebrietate
800 2326 1010 2415 commissa,
1030 2327 1059 2401 si
1086 2324 1236 2426 praevisa
1259 2350 1336 2398 nou

254 2453 271 2491 a
303 2428 392 2516 sint,
413 2441 477 2500 aut
492 2427 539 2498 sit
559 2426 724 2499 adbibita
743 2428 886 2510 cautio,
905 2424 965 2499 cul
996 2433 1176 2498 evocant.
1202 2455 1222 2491 a

302 2519 423 2618 Quid,
446 2527 475 2598 si
496 2515 589 2597 mala
619 2526 691 2597 sint
715 2526 895 2626 praevisa?
912 2455 1021 2595 Salio.
1047 2540 1089 2597 tr.
1120 2545 1164 2594 ao
1185 2546 1264 2606 eoa.
1294 2545 1335 2592 ro

242 2647 290 2698 ,ιι
315 2647 358 2722 27
376 2637 412 2695 et
430 2622 542 2696 insilis
557 2626 601 2694 de
622 2624 666 2695 V.
681 2624 796 2696 Proec.
812 2649 844 2695 c.
862 2647 883 2694 2
902 2645 939 2695 n.
954 2623 995 2695 31
1014 2620 1190 2695 cumton
1208 2618 1336 2690 distin-

254 2736 387 2818 guunt,
408 2738 443 2793 et
459 2722 613 2808 dicunt,
635 2721 738 2836 quod
764 2723 794 2794 si
817 2719 912 2792 mala
931 2720 1003 2792 sint
1018 2720 1161 2818 operis.
1180 2718 1223 2789 ist
1247 2729 1336 2789 sunt

254 2821 469 2911 occisiones,
486 2819 745 2916 fornicationes
757 2877 765 2908 ‚
776 2834 847 2892 ete.
865 2815 1151 2917 imputentnrad
1163 2814 1333 2915 culpam;

252 2917 357 2990 secits
371 2917 504 2992 verb-si
517 2921 588 2989 sint
608 2916 701 2989 mala
718 2919 811 3005 oris,
830 2916 871 2990 ist
889 2917 1143 3000 contumeliae,
1159 2911 1336 3011 blasphe-

253 3015 358 3100 miae‚
376 3032 412 3087 et
432 3020 613 3116 periuria3
633 3018 734 3115 quia,
756 3015 798 3089 ist
815 3020 939 3115 ajunt,
964 3013 1071 3087 rerba
1098 3012 1161 3087 illa
1192 3010 1332 3112 prolate

252 3112 299 3183 ab
317 3111 418 3186 ebrio
446 3140 520 3187 non
542 3128 631 3186 sunt
651 3114 760 3186 verba
782 3113 949 3206 formalia
975 3129 1055 3188 actu
1075 3109 1330 3210 significativa,

254 3211 435 3309 quatenirs
455 3237 532 3283 non
551 3211 648 3286 dicta
665 3212 710 3285 ab
731 3213 878 3285 bomine
894 3211 1042 3286 rationis
1059 3224 1248 3308 compote,
1266 3207 1332 3280 sed

252 3323 341 3384 sont
355 3309 540 3408 simplices
559 3313 665 3394 soni,
683 3336 745 3382 seu
771 3310 878 3382 verba
902 3308 1126 3393 materialia,
1142 3311 1334 3406 tamqutm

253 3407 394 3506 prolate
413 3413 430 3480 a
451 3412 623 3508 psittaco,
640 3407 699 3480 vel
719 3410 807 3509 pica.
822 3409 927 3480 lianc
942 3410 1156 3482 sententiam
1174 3431 1248 3477 non
1268 3431 1332 3476 au·

254 3505 324 3578 deo
341 3506 622 3602 improbabilem
638 3504 773 3591 dicere,
787 3505 853 3579 ssd
867 3507 980 3602 tnagis
1000 3504 1169 3577 adbaereo
1183 3515 1332 3574 senten-

253 3606 312 3678 tiae
325 3606 502 3706 oppositae
518 3613 602 3678 c‘um
616 3603 749 3676 Sonch.
765 3605 841 3677 dcc.
853 3606 875 3676 l.
899 3630 909 3677 t
929 3630 960 3677 c.
978 3604 1020 3678 16
1032 3629 1070 3675 n.
1088 3604 1153 3695 44,
1172 3601 1331 3699 quicum
1418 3603 1422 3607 ’

251 3702 329 3799 Coj.
340 3721 375 3774 et
383 3705 419 3774 T
415 3706 492 3776 olet.
505 3704 625 3791 docet,
634 3701 881 3802 blasphemias
890 3703 1056 3800 praevtsas
1068 3726 1146 3772 esse
1156 3725 1240 3784 vcra
1253 3723 1334 3796 pec·

249 3817 330 3873 cata
343 3801 507 3876 formalia
524 3803 561 3874 in
573 3829 700 3887 causa,
718 3827 803 3874 cum
820 3799 1027 3896 ipse‘liberb
1043 3823 1123 3871 cam
1142 3799 1330 3895 posuerit:

251 3898 357 3972 rerba
374 3906 471 3974 enim
491 3899 752 3974 contumeliosa
767 3901 806 3970 in
821 3897 989 3972 homines
1005 3900 1041 3970 in
1057 3895 1231 3968 ebrietate
1246 3921 1336 3992 pro-

249 3998 321 4072 lata
336 3998 432 4083 *recti²
446 3999 536 4071 dicit
551 3998 693 4070 nnllam
711 3996 1038 4070 dehonorationem
1055 3994 1268 4066 bominibus
1282 3992 1334 4063 ir·

248 4120 399 4194 rogare3
418 4098 525 4176 ssots
539 4110 660 4178 autem
675 4152 688 4191 ,‚
707 4098 738 4181 si
756 4094 990 4204 proferantur
1006 4093 1046 4172 io
1063 4093 1206 4178 Qum,
1228 4092 1333 4185 iustt
