2900 4675
177 403 333 500 caprtn.
346 399 437 477 nub.
453 402 515 479 vl.
531 403 692 476 DeStntu
708 421 740 476 et
755 389 871 475 officio
887 385 1040 479 Sae'eulnr.
1093 379 1163 503 {47

77 517 126 594 Et
137 513 372 594 idemdieunt
387 517 565 621 deperite
584 521 623 593 in
638 545 703 594 sna
717 536 793 592 arte
811 578 821 609 ‚
842 547 873 594 r.
887 549 939 621 gr.
953 524 983 596 si
998 523 1163 598 Medicus

82 618 286 693 testificetur
304 634 462 693 mortem
480 617 637 719 alicujus
656 627 842 693 causatum
861 619 972 694 fuisse
992 621 1012 695 ὲ
1032 622 1166 697 vulue-

81 740 143 808 re3
168 714 313 789 Salmat.
338 716 381 789 ib.
406 743 484 789 cum
509 716 599 790 aliis.
626 717 674 793 V.
702 719 843 792 Unicus
873 720 980 792 testis·
1026 721 1130 794 rebat
1152 769 1168 812 ‚-

83 812 228 914 quaudb
244 815 361 912 agitur
378 813 425 888 de
443 814 592 889 laesione
609 817 763 891 Minoris
780 845 788 888 ι
805 817 912 888 Burb'.
932 748 1038 889 Gali.
1054 819 1166 894 Salm-

79 914 187 1009 1¹·37·
207 914 265 986 Sic
285 913 394 986 etilm
413 913 546 1014 probat
571 939 755 1013 persona,
784 915 843 988 cui
868 915 1043 987 standum
1074 917 1168 990 dixit

80 1008 238 1086 Testatur
257 1013 296 1084 in
314 1038 381 1084 suo
397 1025 627 1086 testamento.
642 1012 787 1086 Unicus
801 1039 951 1113 quoque
966 1015 1065 1086 testis
1082 1041 1169 1115 pro·

81 1106 136 1181 bat
151 1108 374 1183 Miraculum
389 1135 400 1202 ;
418 1106 490 1180 Sul.
509 1135 547 1181 u.
566 1111 612 1210 37
627 1133 705 1184 cum
725 1110 819 1185 altis.

121 1207 191 1280 Sed
220 1211 401 1308 quaeritur
418 1207 479 1280 bie
497 1265 507 1298 ‚
522 1209 554 1281 si
578 1235 676 1286 unus
698 1211 799 1282 testis
825 1207 988 1308 deponat
1019 1210 1065 1284 de
1093 1238 1226 1304 uua253
1256 1283 1258 1286 .

15 1377 16 1380 ,
80 1305 539 1405 propositione-heretica,
558 1319 595 1380 et
612 1305 765 1382 aliosde
783 1306 896 1379 altera
913 1364 923 1398 ,
944 1336 989 1380 an
1014 1310 1072 1382 isti
1089 1311 1169 1410 ple·

15 1473 16 1488 ,
80 1404 119 1475 nl
130 1402 302 1504 probent,
318 1404 479 1504 aliquem
490 1430 566 1478 esse
580 1404 811 1480 lisereticum?
823 1406 921 1477 Com.
935 1406 1082 1479 Barbas.
1097 1424 1168 1500 etc.

78 1501 271 1589 affirmant,
284 1503 350 1575 bos
361 1499 521 1604 probare
533 1501 640 1576 illum
655 1529 731 1577 esse
742 1504 954 1578 haereticum
972 1504 1010 1577 in
1047 1532 1169 1580 encre.

15 1599 17 1692 l
81 1600 143 1673 Sed
157 1600 218 1673 lou
248 1597 505 1701 &probabilius
517 1601 620 1677 Less.
634 1601 657 1675 l.
672 1629 693 1674 2
707 1629 737 1673 c.
748 1601 895 1676 301233.
905 1533 1090 1677 Hauriat
1102 1622 1173 1678 etr.⁴

78 1725 156 1772 curn
171 1629 345 1772 salvant.
364 1701 408 1771 de
427 1697 524 1793 Offic.
542 1725 573 1776 c.
591 1698 611 1771 3
626 1726 661 1772 n.
675 1700 722 1774 38
737 1714 885 1798 negant,
901 1700 989 1773 tales
1003 1715 1111 1776 testes
1121 1705 1171 1780 fa·

81 1823 155 1870 cere
173 1796 324 1898 plenam
340 1796 599 1896 probationem
616 1821 633 1883 ‚·
645 1797 734 1898 licet
750 1799 889 1871 saciant
901 1800 1099 1898 plusquam
1114 1829 1171 1876 se-

81 1895 289 1996 miplenam.
309 1895 412 1968 Ratio
429 1954 439 1986 ,
459 1897 544 1996 quia
563 1950 574 1982 ,
595 1893 680 1969 cirm
700 1922 776 1967 nou
821 1895 971 1967 robatur
988 1898 1089 1994 pribs
1103 1899 1172 1972 bae-

81 1996 160 2067 resis
184 1995 223 2066 in
241 1996 383 2092 speeie,
405 2020 482 2068 non
496 2009 616 2094 potest
632 1993 778 2094 probari
795 1923 945 2069 baeresis
965 1995 1003 2065 iu
1021 1985 1170 2093 genere.
1214 2021 1221 2038 ·

83 2092 213 2192 Excipe
232 2107 359 2165 tamen
383 2094 524 2166 crimen
544 2091 812 2165 sollicitationis
835 2093 874 2163 iu
902 2091 1170 2186 Confessione‚

84 2190 176 2286 quod
195 2205 390 2291 pertentes
410 2189 612 2290 singulares
631 2188 896 2291 comprobatur
913 2244 922 2276 ,
943 2217 1172 2267 concurren-

80 2289 171 2363 tibus
187 2303 313 2363 tamen
333 2289 412 2362 aliis
430 2289 575 2362 indiciis
592 2347 602 2379 ,
621 2302 658 2360 et
681 2288 1046 2388 presumptionibus,

124 2389 295 2490 Exceptis
311 2402 433 2467 autem
450 2387 670 2487 supradictis
681 2388 827 2461 casibus
843 2388 925 2474 ‚ad·
937 2390 1171 2487 probandum
1182 2401 1231 2468 ²⁵⁹
1342 2423 1347 2434 ·

85 2489 342 2587 requiruntur,
362 2485 598 2560 etsufficiuut
619 2487 694 2561 duo
712 2500 824 2560 testes
842 2488 880 2559 in
900 2490 1009 2587 causa
1027 2493 1102 2562 tam
1121 2491 1173 2563 ci·

15 2674 17 2679 Ι
87 2582 161 2678 rili,
180 2611 296 2687 quum
316 2584 506 2676 cirninnli,
533 2611 577 2658 er
591 2586 786 2660 Deuteruu.
811 2609 851 2683 17
879 2584 918 2659 6.
937 2585 981 2655 Iu
1008 2611 1067 2658 ore
1082 2588 1174 2660 duo-

15 2714 17 2719 ·
89 2706 152 2754 tum
169 2741 178 2775 ‚
196 2683 256 2755 rel
267 2682 369 2755 trium
392 2683 532 2756 testium
581 2683 704 2772 eribt‘t,
722 2684 786 2778 qui
806 2682 1039 2779 intepretetur.
1062 2686 1111 2757 Et
1130 2712 1175 2760 ex

15 2800 17 2857 r
93 2779 212 2855 Jounu.
225 2783 251 2856 8
266 2808 298 2853 ν.
314 2807 354 2881 17
367 2780 526 2853 Duorum
537 2710 718 2852 herminum
731 2778 965 2852 testimouium
981 2806 1094 2853 rerum
1107 2800 1172 2857 est.

15 2860 17 3015 l
95 2875 205 2967 Ratio,
228 2880 319 2980 quia
345 2878 392 2953 ad
410 2877 590 2952 humanas
618 2878 781 2951 actiones
811 2875 1022 2976 probandas
1039 2879 1175 2955 sufficit

91 2978 256 3053 certitudo
277 2972 428 3052 moralis
442 3035 452 3069 ,
467 2990 504 3050 et
518 2974 735 3078 probabilis.
755 2977 808 3048 ltl
827 2974 865 3047 S.
886 2974 953 3047 Tu.
974 3003 1103 3077 unqu.
1125 3006 1172 3080 po

15 3020 17 3169 l
90 3091 145 3147 art.
161 3104 195 3151 2.
214 3078 325 3149 Lesr.
341 3075 416 3150 Sor.
434 3074 592 3151 etSalm.
609 3077 654 3146 de
669 3070 770 3168 Offic.
790 3096 823 3148 c.
841 3073 863 3146 3
882 3098 918 3147 u.
936 3076 996 3167 43.
1010 3100 1173 3149 commu-

89 3171 177 3247 niter.
192 3176 253 3251 Ab
272 3175 483 3270 hortamen
500 3174 735 3274 excipiuntur
748 3172 863 3268 aliqui
880 3197 986 3244 casus
1002 3232 1014 3261 ,
1033 3177 1071 3247 in
1090 3174 1174 3275 qni-

88 3265 236 3369 burins
266 3276 462 3373 positivum
493 3271 649 3373 requirit
669 3276 847 3371 majorem
870 3297 1069 3344 numerum
1095 3287 1174 3347 tes·
1207 3362 1212 3373 ι

15 3358 17 3427 l
86 3369 190 3464 tium,
207 3370 344 3472 nempe
355 3371 402 3446 ad
416 3370 606 3474 probanda
617 3383 855 3459 testamenta,
875 3369 920 3441 ad
940 3371 1171 3445 damnandos

15 3470 17 3553 Q
84 3464 313 3572 Episcopos‚
338 3471 393 3544 vel
430 3469 594 3545 Clericus
615 3462 628 3561 3⁸
654 3494 739 3542 nam
771 3467 818 3541 ad
842 3467 1172 3544 'condemnandum

15 3560 17 3651 ἶ
85 3564 309 3666 'Episcopum
324 3627 334 3660 ,
349 3560 590 3670 requiruntur
603 3593 642 3640 ra
658 3582 789 3658 testes,
806 3566 899 3638 etad
914 3565 1172 3639 condemnan-

89 3662 172 3739 dum
188 3667 425 3742 Sacerdotem
445 3672 538 3749 ,seu
562 3666 749 3742 Clericum
778 3665 1018 3765 requiruntur
1040 3664 1171 3741 saltem

89 3762 279 3865 plusquam
292 3764 378 3845 duo.
395 3765 495 3840 Vide
507 3766 654 3840 Sume.
668 3765 690 3838 3
705 3791 742 3836 u.
753 3765 800 3857 qq
814 3781 850 3835 ct
862 3766 935 3861 47.

129 3862 305 3939 Praeterea
324 3882 457 3958 testes,
475 3881 517 3940 nt
529 3861 639 3983 plene
656 3861 837 3965 probent,
856 3861 1057 4032 requiritur
1072 3862 1102 3936 Ι.
1117 3860 1227 3965 Ul*

92 3961 159 4036 rint
180 3978 382 4053 contestes,
406 3966 454 4038 itia
472 3981 515 4039 ut
533 3963 753 4059 conveniant
774 3984 851 4051 non
871 3987 910 4033 so
929 3959 990 4035 bur
1022 3961 1059 4032 in
1078 3956 1170 4033 sub-

15 4052 17 4159 g
93 4064 215 4135 stantia
234 4062 363 4152 actin‘,
376 4065 438 4138 sed
459 4066 567 4139 eriam
589 4063 625 4135 in
646 4057 912 4160 principalibus
926 4061 1173 4133 circumstan-

15 4162 17 4237 ζ
96 4160 176 4245 tiis,
200 4160 295 4236 idest
318 4166 497 4265 persons,
525 4164 629 4247 loco.
652 4173 844 4259 tempore,
869 4154 1005 4246 mutl03
1026 4159 1092 4229 uisi
1111 4158 1177 4231 cir·

15 4250 17 4339 s
99 4266 316 4338 eumstantiae
335 4263 410 4339 sint
427 4262 529 4365 parri
554 4260 761 4352 momenti,
783 4271 871 4361 putu
886 4316 897 4364 ρ
911 4258 943 4336 si
962 4284 1059 4335 unus
1080 4256 1181 4338 dicat
