2900 4675
319 286 400 379 cap.
413 288 472 355 lli.
484 287 572 357 Dub.
589 289 634 359 V.
653 291 705 357 De
722 287 864 356 Peccatia
879 287 1077 381 capitalibus
1167 285 1231 363 ²83

151 394 287 492 poterit
300 398 382 495 quis
400 398 534 496 pariter
544 398 641 475 licite
651 398 744 473 velle
755 413 818 488 ‚ut
832 390 1053 485 inebrietur,
1071 412 1112 472 ut
1127 422 1231 471 mor-

150 507 226 565 tem
242 496 339 575 vitet.
356 495 428 568 Sed
444 498 685 596 respondetur
703 525 787 571 eum
804 495 1026 581 Haemona,
1045 495 1228 597 disparem

147 615 228 663 esse
248 595 424 666 rationem
442 651 451 682 ‚
472 619 557 669 narn
575 620 658 697 para
676 621 742 697 per
759 622 797 669 ae
811 593 1001 669 ordinatur
1017 594 1064 666 ad
1077 620 1234 669 comer-2

145 691 332 771 nationem
360 695 472 765 totius
497 694 681 795 corporis,
711 720 798 767 uaua
825 708 944 765 tamen
976 695 1123 766 rationis
1150 719 1226 766 non

147 786 343 861 ordinatur
370 790 417 867 ad
450 793 613 892 corporis
642 794 779 880 vitam,
807 792 871 867 aed
906 790 958 866 ad
984 790 1235 890 integritatem,

143 889 291 958 Animae
307 889 535 962 serrandum.

196 985 245 1056 Et
259 984 320 1060 hte
334 986 461 1061 tursius
477 1014 515 1061 re
544 1003 601 1062 eto
614 987 674 1075 id,
690 984 791 1088 quod
806 985 876 1063 aub
891 985 994 1061 initio
1010 1000 1236 1085 protestatus

144 1106 255 1181 aum,
276 1086 410 1184 nempe
435 1016 557 1185 quod,
585 1085 670 1159 ciam
696 1082 859 1201 aliquam
887 1087 1098 1187 opinionem
1119 1085 1228 1159 unice

143 1180 436 1279 probabiliorem
459 1183 634 1285 appello.
662 1208 736 1260 non
761 1181 842 1257 adab
862 1185 1082 1257 contrariam
1106 1180 1230 1258 dicere

146 1276 382 1375 probabilem
407 1280 545 1356 vellim.
569 1281 671 1357 steti
692 1283 854 1383 pariter,
877 1280 961 1355 cium
984 1282 1067 1356 dico
1093 1282 1140 1354 de
1162 1280 1226 1356 ali·

142 1400 221 1543 qua
237 1381 432 1478 opinione,
450 1405 521 1453 non
535 1380 855 1465 nudandarum,
876 1380 950 1453 aivi
969 1378 1230 1474 improbabilem

171 1472 284 1565 rbere,
303 1502 378 1551 non
402 1477 485 1551 ideb
510 1479 664 1553 admitto
681 1478 723 1551 itt
736 1476 966 1578 probabilem
983 1503 991 1567 ;
1008 1477 1072 1553 aed
1090 1474 1137 1550 de
1150 1482 1228 1575 ejus

142 1573 405 1671 probabilitate
423 1574 564 1661 dubito.
591 1577 701 1662 Item,
723 1576 812 1650 clun
836 1575 994 1675 aliquam
1010 1578 1232 1651 sententiam

139 1669 321 1746 veriorem
338 1699 427 1746 voco
441 1730 450 1763 ‚
462 1673 586 1753 ¹intelli
613 1672 855 1774 ooppositam
869 1700 943 1749 uon
961 1673 1078 1748 aolidl
1095 1674 1225 1773 proba-

141 1764 287 1844 bilitate
297 1769 396 1845 ‘mibi
439 1771 555 1845 ollere
568 1829 578 1858 ,
589 1702 680 1845 lieet
696 1772 851 1845 omninb
866 1792 940 1847 nou
955 1771 1163 1871 reprobem.

201 1898 221 1934 a
237 1871 271 1960 4⁴
293 1798 445 1944 Mortale
456 1884 509 1945 eat
522 1869 634 1943 alium
652 1869 831 1944 inebriare
844 1870 1023 1961 velle‚vel
1033 1894 1228 1970 provocare

142 1992 168 2035 »
197 1966 242 2038 ad
264 1992 294 2039 ae
323 1966 423 2040 ualea
445 1967 627 2061 hauatm,
654 1995 741 2043 oum
771 1969 973 2044 intentione
1002 1967 1230 2051 inebriandi,

141 2092 165 2128 a
196 2078 260 2137 aut
278 1993 500 2140 advertenda
525 2082 704 2141 secuturae
735 2066 918 2142 ebrietatis
942 2067 982 2141 in
1011 2092 1075 2155 ae,
1097 2067 1226 2139 aliove.

139 2192 164 2229 a
193 2162 331 2243 Lesal.
348 2193 377 2239 c.

196 2291 216 2328 a
232 2262 279 2350 Ι5.
305 2262 341 2335 Si
368 2268 460 2361 justi
478 2275 653 2337 causaest
671 2319 681 2354 ,
703 2262 744 2337 irt
762 2260 862 2337 verbi
880 2265 1018 2365 gratid,
1042 2263 1072 2336 ui
1091 2259 1267 2364 grande„

140 2392 165 2430 ι)
196 2362 337 2434 malum
356 2389 429 2436 non
448 2364 563 2463 possit
586 2364 690 2435 aliter
705 2363 879 2463 impediri
895 2418 905 2449 ,
922 2359 991 2437 nisi
1013 2378 1142 2438 auctor
1152 2364 1229 2435 iue-

140 2487 164 2532 a
194 2457 355 2544 brietur‚
384 2460 471 2533 licet
493 2490 579 2536 oum
604 2461 781 2535 inducere
805 2462 854 2534 ad
877 2461 1117 2551 ebrietatem,
1148 2486 1229 2559 quae

136 2588 165 2629 ι
196 2557 326 2630 saltem
348 2558 417 2658 ipsi
450 2585 523 2638 uon
554 2561 600 2632 sit
625 2558 856 2643 voluntaria,
879 2573 920 2631 ut
939 2558 1080 2634 seilicet
1097 2573 1254 2662 praeter,

142 2684 165 2722 n
195 2656 463 2746 intentionem,
485 2656 641 2756 idebque
660 2656 935 2756 inculpabiliter
952 2655 1176 2741 inebrietur,
1196 2682 1227 2728 v.

142 2785 166 2823 »
194 2780 247 2850 gr.
262 2756 384 2827 vinum
403 2755 644 2838 fortissimun.
663 2768 725 2827 aut
737 2753 961 2829 medicatum
974 2751 1237 2855 propinando,.

144 2882 165 2920 a
194 2855 301 2950 cuius
329 2854 543 2951 viiguoratal
562 2853 768 2953 decipiatur
805 2851 915 2946 Unde
929 2852 981 2925 sic
1003 2879 1127 2954 posaeo
1146 2854 1229 2926 ine·

144 2980 166 3020 u
195 2949 315 3024 briare
333 2977 417 3034 eos.
436 2953 500 3051 qui
517 2950 654 3052 alioqui
671 2963 792 3024 essent
835 2949 986 3024 rodituri
1001 2949 1152 3036 urbem.
1169 2949 1230 3024 vel

139 3078 164 3121 >r
194 3046 446 3123 teabduoturi.
459 3050 596 3124 Lesal.
611 3076 641 3122 c.
656 3048 1158 3124 etSan01.l.2demoutm.d.
1172 3075 1228 3135 aa,

136 3176 161 3218 o
193 3151 253 3220 An
269 3147 351 3221 verb
370 3149 439 3222 hoe
450 3175 534 3228 casu
551 3147 659 3221 liceat
674 3145 850 3221 inducere
871 3146 917 3219 ad
930 3146 1143 3222 ebrietatem
1158 3147 1230 3247 ipsi

143 3276 164 3314 >a
193 3246 435 3320 voluntariam
457 3241 650 3320 iDubium
669 3260 736 3319 eat.
756 3245 856 3318 [ress.
874 3246 900 3317 l.
916 3245 982 3338 de.
999 3244 1020 3319 3
1038 3246 1073 3318 d.
1087 3249 1115 3339 4
1127 3272 1165 3319 u.
1183 3245 1229 3317 32

134 3373 162 3416 ψ
195 3343 377 3434 affirmat;
402 3345 505 3444 quia,
531 3345 672 3445 inquit,
697 3342 787 3417 lieet
803 3342 979 3429 suadere,
998 3357 1035 3418 et
1053 3339 1229 3428 inducere

140 3471 162 3509 a
192 3442 242 3515 ad
258 3441 378 3517 minua
395 3443 534 3517 malum
552 3498 561 3528 ‚
581 3458 621 3515 ut
634 3441 857 3542 impediatur
870 3447 988 3541 majus
1008 3440 1158 3542 ,haym
1170 3439 1228 3512 lib.

144 3567 164 3608 a
195 3543 217 3613 3
237 3545 361 3635 seced
384 3569 421 3612 n.
445 3542 470 3615 6
495 3541 628 3614 rectilis
647 3556 781 3639 negat,
798 3542 882 3641 quia
904 3540 1010 3614 nullo
1034 3566 1120 3614 cusu
1143 3537 1232 3612 lieet

142 3665 163 3708 »
195 3636 371 3713 inducere
389 3639 434 3711 ad
452 3654 659 3738 peecatum.
686 3671 706 3706 a

193 3740 399 3830 Quaeritur,
415 3738 549 3839 igitbr,
565 3766 611 3810 an
627 3739 771 3811 licitum
791 3737 838 3809 ait
860 3733 1020 3835 aliquem
1048 3735 1092 3808 ad
1108 3734 1232 3810 ebrie-

139 3845 258 3908 tatem
277 3836 480 3922 inducere,
511 3852 548 3909 ut
567 3835 629 3908 ille
648 3834 870 3933 impediatur
891 3839 909 3906 ὲ
927 3835 1081 3928 graviori
1100 3833 1226 3923 malo,

143 3950 235 4033 puta
256 3934 463 4035 sacrilegio,
480 3935 539 4008 vel
558 3935 761 4008 homicidio
779 3929 1046 4008 committendo
1062 3931 1230 4005 iAdaunt

143 4047 217 4105 tres
230 4036 431 4108 sententiae.
441 4034 576 4108 Prima.
588 4034 755 4119 affirmat,
770 4033 938 4130 hancque
948 4044 1047 4104 tenet
1059 4030 1163 4103 Less.
1173 4030 1228 4124 ld

141 4156 176 4205 ca
192 4133 215 4207 3
229 4134 265 4208 d.
283 4133 355 4225 du.
370 4132 428 4206 33.
443 4130 722 4233 etprobabilem
731 4143 855 4206 censet
871 4130 974 4203 Med.
989 4127 1235 4229 Gob.‚Dtbuu,.
