2900 4675
226 206 291 298 ¹9⁸
409 203 482 272 Lib.
498 198 542 275 V.
560 201 610 275 De
623 208 757 276 Actibus
774 151 930 277 Humanis
946 210 981 276 in
997 232 1124 296 genere.

275 346 309 391 2.
335 318 518 409 Inlertur,
548 318 649 419 quod
667 316 817 394 libertas
843 320 891 393 sit
912 324 1161 396 neceesarium
1181 319 1311 420 requi-

224 415 336 491 situm
355 415 408 512 ad¹
421 416 665 490 moralitatem
681 418 798 494 antire.
814 418 907 492 Nam
921 432 1024 493 notus
1043 420 1251 505 humanus,
1275 432 1313 490 et

226 515 376 589 moralis
393 515 504 589 debet
517 514 722 614 procedere
740 521 759 599 ὲ
782 516 923 589 ratione
941 517 1170 603 deliberata,
1191 519 1313 615 proin·

228 612 351 712 deque
376 614 486 687 debet
509 638 586 686 eoae
612 612 721 689 liber.
748 616 803 688 lte
817 615 855 687 S.
872 614 946 687 Th.
982 643 1013 689 r.
1030 642 1050 687 2
1067 642 1107 716 q.
1128 618 1170 690 18
1189 629 1255 691 art.
1273 638 1311 734 9.

227 711 299 785 Sed
314 727 438 785 errant
453 769 462 802 ‚
480 713 545 880 Ἱυί
561 713 791 788 constituunt
807 726 920 787 totam
941 713 1185 787 moralitatem
1208 725 1311 786 actua

226 810 380 886 hnmani
395 810 433 883 in
448 833 489 885 no
507 835 526 881 a
543 807 723 883 libertate.
733 811 875 883 Verum
886 812 1060 913 est,quod
1070 812 1315 913 praeexigatnr

226 907 443 982 libertas-uti
454 906 735 982 fundamentum
747 909 978 1001 moralitatis,
991 909 1096 984 secirs
1108 909 1174 1010 qui
1188 911 1314 981 omnia

227 1006 302 1082 feto
316 1004 392 1104 regi
411 1031 487 1079 non
504 1020 676 1096 verentur
693 1031 871 1096 asserere,
887 1007 1024 1106 dehent
1038 1020 1313 1107 consequenter

229 1104 370 1193 dicere,
384 1103 487 1177 nulla
499 1128 576 1177 esse
589 1119 739 1218 peecata
750 1129 758 1195 ;
768 1103 809 1177 irt
819 1104 990 1204 spinosa,
1005 1108 1069 1206 qni
1079 1111 1118 1178 in
1130 1103 1317 1205 Append.

230 1203 364 1303 prioris
386 1200 475 1276 Eth.
509 1214 624 1301 partus
644 1203 776 1276 tribuit
803 1203 1004 1302 phantasiae
1027 1205 1247 1289 hominum,
1278 1216 1318 1275 et

229 1327 271 1374 su
302 1302 485 1374 eratitioni
517 1300 696 1398 originem
733 1316 969 1401 peccatorum
997 1304 1208 1377 moralium.
1241 1300 1318 1374 Sed

230 1325 367 1470 sallum
391 1397 594 1482 eat‚aolam
620 1397 826 1473 libertatem
858 1400 1061 1475 formaliter
1089 1403 1319 1476 constituere

228 1494 431 1582 bonitatem
448 1549 458 1579 ‚
478 1493 536 1568 vel
554 1497 732 1569 malitiam
750 1497 852 1569 actris
871 1498 1022 1572 humani
1041 1502 1119 1573 nine
1136 1498 1321 1572 relatione

229 1596 494 1667 convenientiae
514 1647 524 1682 ,
544 1593 601 1668 rel
630 1593 952 1671 disconvenientiae
980 1596 1082 1670 octirs
1101 1624 1187 1671 oum
1215 1607 1319 1670 reeta

225 1693 370 1766 ratione
392 1750 401 1778 ‚
431 1705 467 1765 et
483 1691 563 1790 lego
586 1749 595 1781 ‚
614 1692 655 1767 irt
672 1693 878 1774 dicendum
895 1710 949 1769 eat
966 1720 976 1781 ;
995 1709 1031 1767 et
1049 1696 1185 1795 probat·
1197 1696 1321 1767 Gonet

228 1802 333 1866 tract.
361 1788 382 1864 3
412 1816 493 1890 cap.
513 1789 599 1889 9de
616 1790 758 1887 actibus
777 1792 972 1876 humanis,
994 1796 1103 1870 Cont.
1123 1792 1319 1891 Tournely

235 1886 263 1962 l.
282 1892 346 1964 eit·
365 1886 501 1989 aliique
517 1890 663 1963 maximi
683 1890 842 1967 nominis
858 1891 1048 1992 Theologi.

615 2115 621 2128 ·
647 2135 651 2142 ‹
721 2087 752 2183 5.
778 2088 829 2169 11.

324 2279 435 2383 Quot,
455 2299 667 2383 etquenam
686 2281 953 2385 sintPrinctjnr'o
972 2284 1227 2359 Morolt‘totis?

278 2472 447 2553 XXXVI.
473 2477 652 2574 Theologi
670 2492 802 2551 vocant
821 2476 1003 2580 principia
1021 2480 1238 2571 Moralitatis
1256 2507 1327 2565 eaw

232 2601 274 2650 en
299 2574 434 2671 quibus
450 2578 512 2664 fit,
534 2591 575 2650 ut
596 2577 719 2678 eliqua
733 2577 828 2651 aetio
844 2578 892 2650 sit
914 2578 1033 2668 bona,
1047 2582 1106 2653 vel
1121 2585 1241 2666 mala,
1264 2581 1325 2654 rel

224 2672 460 2747 indifferens.
949 2700 953 2707 ·

281 2773 364 2845 Tria
382 2789 620 2847 recensentur
640 2774 856 2876 hujusmodi
873 2776 1080 2873 Principia,
1099 2801 1183 2848 nem
1213 2774 1325 2847 &Ob-

222 2869 381 2968 jectum,
397 2872 435 2941 F
434 2870 520 2957 mro,
535 2890 571 2944 et
583 2871 868 2945 Circumstontloe.
884 2875 937 2947 Ut
950 2876 1049 2946 enim
1068 2870 1161 2945 actio
1175 2802 1328 2949 sileatur

231 2966 328 3042 bona
346 2993 389 3040 ex
406 2969 551 3065 integra
568 2996 697 3060 cauea,
718 2985 885 3069 oportet,
904 2974 951 3045 sit
967 2987 1208 3045 consentaneo
1228 2969 1326 3067 legi,

232 3081 269 3139 et
279 3080 388 3141 reete
402 3067 545 3151 rationi,
560 3081 637 3140 tum
656 3092 700 3142 ex
711 3084 814 3160 porte
816 3068 910 3163 finis
921 3070 1110 3145 extrinseci
1122 3070 1330 3169 operantis,

231 3178 311 3237 tum
341 3166 452 3237 etiam
479 3191 528 3237 ex
553 3181 655 3258 porto
681 3165 1031 3241 er'rcumstontiorum.
1057 3167 1257 3269 Obiectum
1277 3173 1328 3263 ,At

231 3289 306 3362 quo
325 3278 427 3337 actus
445 3263 521 3335 acci
552 3265 580 3334 it
603 3261 853 3353 essentialem,
873 3279 910 3337 et
936 3267 1147 3364 primariam
1172 3265 1326 3340 morali·

229 3375 364 3448 tatem,
378 3376 434 3434 est
446 3290 554 3450 illuri,
573 3361 786 3531 eirclzquod
799 3376 960 3436 versatur
977 3380 1079 3437 actus
1100 3362 1270 3447 Moralis,
1290 3378 1330 3438 et

231 3457 381 3557 primo,
413 3472 449 3532 et
480 3483 548 3554 per
575 3485 613 3531 se
639 3471 675 3531 at
693 3460 829 3556 ungitur
852 3460 898 3534 ab
929 3462 1010 3562 ipso
1038 3477 1148 3536 actu:
1172 3464 1224 3534 sic
1264 3488 1327 3535 reo

231 3556 350 3631 aliene
373 3572 428 3631 est
452 3555 641 3656 objectum
666 3556 779 3643 sorti,
800 3558 900 3632 Deos
923 3575 978 3633 est
1002 3560 1190 3658 obiectum
1216 3559 1323 3633 notin

231 3657 375 3731 amoris.
397 3654 487 3728 Tele
505 3653 693 3754 objectum
711 3680 788 3728 non
811 3657 1064 3755 consideratur
1079 3656 1254 3759 physice,
1289 3672 1324 3730 et

229 3753 551 3829 aeoundirmauom
561 3755 762 3842 entitatem,
773 3755 1103 3856 secundimqnam
1113 3769 1322 3855 estsemper

227 3848 372 3925 honum
384 3850 545 3925 bonitate
558 3854 664 3942 entis,
676 3851 742 3925 aed
759 3850 1222 3937 consideraturrnoraliter‚
1232 3879 1319 3952 qua·

230 3946 339 4027 tonino
346 3953 535 4038 convenit,
549 3949 605 4022 vel
620 3949 849 4025 disconvenit
862 3966 971 4026 rectae
983 3954 1126 4028 rationi.
1140 3953 1176 4026 Si
1190 3951 1319 4050 objec-

229 4057 310 4125 tum
325 4060 383 4125 eat
398 4048 598 4124 intrinrool
614 4104 624 4140 ‚
641 4064 679 4125 et
695 4053 830 4124 naturt
841 4053 907 4125 aul
921 4051 1112 4128 conforme
1131 4065 1240 4128 reete
1265 4076 1319 4127 ra·
