2900 4675
263 251 306 327 pr
470 232 546 304 Lib.
561 233 622 304 IV.
637 233 691 302 De
702 230 802 301 Praec.
818 231 1080 325 particularibus,
1096 247 1160 302 ete.

262 343 385 432 trahi,
412 343 548 420 lrabeat
571 341 796 420 mediocrem
816 345 1043 442 diligentiam
1074 342 1122 417 ad
1151 339 1351 417 attenden-
1442 401 1443 414 ,

263 441 374 534 dum,
394 444 500 517 nullo
515 442 627 517 modo
642 457 782 542 peccet.
795 443 983 544 Additque
993 441 1125 516 Sench.
1141 467 1179 517 n.
1200 467 1253 516 ro.
1267 466 1351 515 cum

264 537 365 618 Gerr.
387 542 549 639 Murgan
575 555 613 615 et
640 541 812 641 pluribus
841 541 946 628 aliie,
982 568 1058 614 non
1086 555 1277 640 oportere,
1306 538 1351 611 ut

251 636 376 713 'bomo
389 666 536 740 semper
548 643 625 715 toti
637 655 792 714 conetur
802 638 1074 722 sollicitudine,
1092 640 1184 739 quin
1196 634 1352 712 tolerari

261 743 381 838 possit
395 735 517 839 aliqua
537 737 716 838 divagatio
735 739 781 812 ad
805 755 916 840 caput
933 737 1230 812 refocillandum.

312 837 461 912 Dictum
482 851 555 929 eet,
570 845 609 911 ut
624 840 730 936 plene
745 838 921 922 advertat,
940 839 1051 937 quia,
1074 837 1163 910 licet
1189 836 1351 908 recitans

261 933 467 1030 semiplene
486 934 689 1010 adverteret
711 934 760 1009 ed
783 934 1082 1022 distractionem,
1108 934 1353 1007 etvenialiter

289 1048 454 1118 secaret,
473 1033 597 1110 adhirc
621 1049 746 1108 tamen
774 1033 1067 1109 substantialiter
1088 1033 1221 1108 Officio
1238 1032 1354 1105 satie·

260 1053 424 1219 licerer,
444 1131 532 1207 cium
558 1135 677 1234 prima
693 1128 845 1208 attentio
863 1130 939 1208 sive
963 1132 1118 1208 intentio
1133 1126 1353 1205 attendendi

260 1254 409 1328 semper
424 1246 651 1330 perseveret,
667 1231 788 1306 donec
804 1257 891 1306 cum
908 1232 1020 1332 plena
1033 1230 1259 1304 advertentia
1273 1254 1352 1303 non

262 1344 482 1421 revocetur3
511 1332 667 1405 intentio
704 1331 804 1405 enim
833 1332 1055 1432 complens
1085 1328 1354 1403 deliberatione

261 1426 368 1525 pride
391 1443 572 1529 concepta
600 1454 676 1503 non
704 1428 840 1503 desinit
867 1433 1046 1518 existere,
1064 1431 1135 1501 nisi
1166 1454 1253 1502 cum
1279 1425 1352 1518 alit

261 1525 374 1626 plena
390 1526 614 1602 advertentis
628 1527 925 1601 retractarentur
940 1526 1073 1602 Sorech.
1086 1525 1197 1599 Solm.
1215 1525 1350 1611 Croir,

261 1639 301 1695 et
313 1624 422 1698 Cone.
439 1627 475 1697 ll.
498 1653 550 1703 cc.
567 1625 680 1701 Unde
699 1627 811 1701 infert
828 1625 962 1701 Sanclr.
977 1653 1015 1702 n.
1040 1628 1093 1717 ¹4·
1109 1649 1188 1698 cum
1202 1623 1299 1697 Nar.
1314 1637 1352 1696 et

261 1719 366 1812 oleis,
397 1723 506 1823 quod
529 1738 621 1799 tunc
648 1726 810 1823 recitans
839 1724 994 1822 graviter
1023 1735 1219 1823 peccaret,
1249 1724 1345 1823 juxti

261 1844 414 1898 sensum
433 1824 564 1922 primoe
583 1824 794 1908 sententiae,
811 1821 963 1926 quandb
976 1848 1018 1895 ex
1032 1835 1268 1921 contemptu,
1289 1819 1346 1893 rel

261 1915 444 1994 industria
461 1947 499 1994 se
525 1919 751 1996 diverteret:
773 1920 947 2020 Quamdiu
973 1924 1052 2019 ergo
1070 1919 1143 2018 (sic
1156 1917 1351 1994 concludit

261 2015 344 2114 ch.
360 2019 383 2094 l.
401 2019 458 2116 c.)
473 2019 526 2092 eir
540 2046 614 2095 non
629 2014 821 2094 constiterit
833 2017 1020 2105 evidenter,
1037 2043 1076 2089 se
1093 2020 1254 2090 mutasse
1265 2042 1352 2114 pro·

256 2115 438 2212 postium,
469 2118 527 2191 rel
545 2118 757 2191 advertendo
784 2132 822 2189 et
836 2116 981 2192 sckndo
1006 2115 1098 2189 circe
1113 2116 1186 2189 eltis
1208 2129 1355 2214 vagatos

257 2212 376 2296 luisse
400 2269 412 2301 ,
435 2216 575 2288 credere
598 2229 753 2312 possunt
779 2239 854 2289 surr
879 2212 925 2286 ob
946 2212 1085 2286 ἀιιόιιί
1104 2211 1355 2308 satisfecisse:

260 2310 472 2413 subditque
505 2312 614 2387 Crot'rc
641 2337 720 2388 cum
740 2311 839 2387 Nae.
865 2337 941 2412 quo
986 2337 1060 2386 uon
1075 2310 1354 2405 rectefaciant,

263 2412 330 2510 qui
363 2437 402 2484 se
422 2424 609 2514 occupant
641 2409 858 2511 cogitando,
873 2438 920 2486 an
944 2411 1158 2501 advertant,
1177 2437 1248 2488 nec
1280 2435 1365 2504 nee,

182 2596 185 2607 ¹
262 2533 353 2587 nam
369 2508 441 2583 lroc
456 2513 581 2608 ipsum
597 2524 653 2584 est
666 2508 833 2587 distrahi.
983 2586 985 2591 ,

259 2678 263 2687 ,
312 2609 485 2685 Remedia
503 2624 626 2683 autem
639 2635 690 2706 op
720 2609 909 2695 ortuniora
927 2606 974 2681 ed
991 2606 1222 2710 repellendae
1235 2608 1357 2683 animi

262 2704 519 2783 distractiones
533 2723 631 2783 eunt.
644 2706 672 2780 1.
686 2635 764 2780 pub
776 2707 925 2782 initium
939 2706 1096 2791 formare
1109 2709 1359 2785 intentionem

261 2805 385 2881 Deum
402 2806 594 2882 laudandi.
616 2804 662 2880 Π.
687 2808 872 2881 Renovare
890 2806 1135 2900 intentionem
1159 2805 1207 2880 ad
1231 2805 1358 2879 Gloria

258 2903 387 2991 Patri,
401 2904 457 2978 vel
477 2907 517 2980 in
533 2904 715 3006 principio
730 2909 1000 3005 cujuscumque
1015 2904 1161 3006 psalmi.
1174 2904 1240 2981 ΠΙ.
1257 2906 1357 3004 itys·

257 3005 397 3077 ,terium
410 3004 564 3104 aliquod
571 3002 758 3081 Passionis
771 3003 841 3077 sibi
854 3004 1204 3102 representaretv.
1216 3005 1358 3079 Sensus

255 3099 399 3175 sedulo
416 3104 624 3192 custodire,
641 3116 678 3175 et
695 3100 767 3175 alia
781 3098 1019 3202 hujusmodi,
1039 3127 1124 3203 qne
1141 3098 1258 3179 rideri
1272 3127 1359 3203 poe·

263 3213 352 3275 eunt
368 3201 469 3299 apud
488 3203 615 3276 Anccl.
632 3216 669 3274 et
682 3200 910 3275 Electren.

314 3300 393 3373 Pro.
403 3301 629 3400 scrupulosis
644 3299 733 3377 ‚verb
747 3298 905 3373 advertit
917 3298 1028 3375 Croiae
1039 3298 1097 3372 t'b.
1113 3300 1137 3394 4
1152 3324 1190 3373 n.
1208 3298 1299 3375 1350
1318 3313 1362 3374 et

267 3396 356 3471 1351
380 3422 443 3475 eus
457 3426 532 3473 non
551 3399 666 3479 teneri
678 3397 726 3473 ad
736 3397 980 3496 repetendum
992 3455 1001 3485 ,
1014 3399 1085 3471 nisi
1101 3398 1193 3477 certi
1205 3398 1298 3486 sint,
1312 3423 1356 3472 ee

255 3495 829 3575 ,muuneinnnionemorandt
840 3496 1031 3594 Additque
1042 3494 1232 3572 Golden.
1250 3496 1357 3589 1354.

256 3596 390 3695 quod,
411 3598 442 3671 si
462 3599 546 3697 quis
567 3612 753 3698 pateretur
769 3620 895 3697 graves
910 3596 1127 3686 anxietates,
1139 3608 1265 3695 posset
1283 3593 1358 3669 ali·

291 3694 418 3769 nandd
436 3701 545 3771 etiam
564 3699 598 3770 ei
618 3694 789 3770 interdici
808 3693 973 3787 recitatio
984 3692 1129 3781 -Officii,
1150 3692 1272 3769 donee
1295 3692 1358 3765 vi-

255 3719 396 3868 deatur
418 3820 526 3894 posse
550 3798 702 3868 recitare
729 3794 810 3867 sine
837 3804 940 3871 tanto
971 3792 1235 3879 incommodo,
1266 3789 1358 3866 edm

256 3915 447 4065 ιὲιέξῇιέξὲ
469 3893 752 3968 incommodum
775 3905 925 3967 excuset
949 3915 1016 3992 per
1042 3915 1082 3965 ee
1109 3896 1130 3966 t
1158 3893 1358 3995 preceptis

204 4114 261 4187 ,ρ
296 4090 499 4187 ornem
515 4087 580 4169 nc
602 4087 655 4165 Π.
671 4089 732 4166 en
749 4088 957 4195 normes
972 4054 1128 4195 peni,
1146 4087 1357 4192 quanm
