2900 4675
258 256 300 324 φο
360 317 363 322 ,
465 240 537 307 Lib.
557 237 617 309 IV.
628 239 686 308 .De
701 238 800 310 Praec.
817 237 1080 333 particularibus,
1095 251 1157 307 eto

257 349 524 436 intentionem,
542 352 589 425 ad
606 354 760 448 gratiam
776 352 1063 440 conferendam
1081 350 1153 426 Sed
1169 349 1256 424 hnic
1275 375 1348 449 ep-

259 450 365 548 ponit
383 450 480 546 Logo
510 477 606 523 nram.
635 450 693 524 30.
725 451 849 549 qnod,
878 455 907 525 si
928 451 1080 524 attentio
1104 464 1198 523 esset
1217 450 1346 521 dees-
1441 513 1442 516 ,

259 550 376 619 sentia
398 548 594 637 orationis,
619 546 688 623 lrac
718 549 836 623 ablata
852 605 862 639 ‚
883 551 1025 623 deesset
1041 551 1157 622 oratio
1171 603 1181 634 ,
1197 562 1234 620 et
1249 572 1349 621 con·
1441 545 1442 600 i

258 657 456 742 sequenter
486 662 719 721 evanesceret
754 648 870 721 forma
902 646 1128 721 Sacram‘enti
1159 649 1347 719 Extremae

258 743 477 828 tinctionis,
500 769 583 844 quae
609 759 663 817 est
683 745 945 846 deprecatoria.
970 746 1139 846 Replicat
1161 745 1347 830 Conana,

193 853 200 861 '
259 840 361 939 quod
377 869 419 912 eo
433 869 517 915 casu
537 899 546 925 ‚
567 841 654 916 lieet
671 845 882 919 destruatur
905 846 1021 918 oratio
1035 843 1202 934 moralis,
1218 868 1347 915 rema·

258 955 347 1011 neat
359 947 479 1038 tamen
494 940 658 1042 physica,
666 942 806 1017 scilieet
816 943 1036 1017 illaextema
1047 941 1240 1016 verborum
1260 966 1348 1038 pron

256 1029 367 1123 latio,
386 1064 498 1140 quam
520 1042 760 1116 assentantis
781 1040 991 1142 aliquorum
1009 1043 1134 1115 asserit
1146 1038 1347 1114 sufficere:

203 1141 207 1153 ’
258 1135 306 1207 td
326 1138 553 1234 implendam
577 1154 698 1214 antem
730 1139 993 1238 obligationem
1013 1141 1154 1226 Officii,
1175 1137 1266 1212 dicit
1284 1163 1349 1209 re·

259 1235 371 1332 quiri,
391 1234 430 1308 itt
449 1238 564 1310 oratio
582 1238 630 1310 s'it
645 1238 816 1329 moralis;
840 1253 896 1324 et,
915 1252 957 1312 ut
974 1239 1089 1311 oratio
1109 1235 1257 1310 moralis
1272 1236 1345 1324 sit,

258 1334 351 1430 exigi
367 1335 599 1407 essentialem
625 1338 874 1410 attentionem.
903 1337 975 1410 Sed
992 1336 1079 1410 huic
1099 1334 1347 1434 respondetur

263 1457 302 1502 r:
322 1433 540 1507 sententiam
560 1434 751 1531 praefatam
772 1435 921 1510 illorum
939 1434 1224 1535 improbabilem
1244 1456 1345 1515 esse,

260 1526 302 1601 itt
329 1530 568 1626 probabimus
590 1534 615 1602 l.
635 1533 660 1606 6
678 1560 715 1604 n.
738 1534 798 1606 23.
825 1533 890 1606 ubi
908 1535 1095 1616 dicemus,
1115 1530 1273 1605 omnind'
1286 1557 1345 1603 re·

259 1628 358 1725 quiri
376 1629 422 1701 ad
437 1628 599 1703 valorem
616 1631 958 1717 sacramentonum,
974 1630 1017 1704 tu
1035 1633 1200 1707 Minister
1213 1630 1343 1701 saltem

161 1793 165 1799 .
259 1725 428 1799 intendat
441 1727 571 1819 lacere,
585 1727 687 1827 quod
699 1728 787 1802 iacit
797 1730 977 1804 Ecclesia.
997 1728 1253 1829 Respondetnr
1267 1753 1289 1799 a
1301 1741 1339 1797 et

258 1827 411 1925 petitur.
432 1827 715 1903 Estneattentio
744 1826 790 1899 de
808 1830 961 1902 essentia
982 1827 1156 1902 orationis
1175 1823 1340 1922 generice

260 1940 440 2022 sumptae,
471 1925 528 1997 vel
547 1924 692 1998 tantiam
718 1929 893 2000 orationis
910 1924 1087 2001 moralis?
1104 1927 1141 1999 Si
1158 1925 1252 1998 dicis
1266 1979 1275 2004 ,
1291 1935 1347 2000 est

260 2020 309 2094 dc
333 2024 489 2096 essentia
513 2025 889 2119 cratinnivmoralis,
914 2052 989 2099 non
1017 2039 1139 2116 autem
1158 2022 1344 2138 physice,

261 2122 505 2207 conceditur,
533 2124 618 2221 quia
640 2122 721 2195 talis
738 2126 853 2196 oratio
876 2151 951 2197 uon
970 2138 1065 2196 esset
1080 2123 1263 2195 meritoria
1282 2146 1292 2206 ;
1310 2134 1348 2191 at

261 2235 356 2291 esset
382 2220 643 2305 satisfactoria,
660 2221 747 2292 ciam
769 2238 862 2295 esset
878 2248 960 2296 vera
978 2222 1094 2294 oratio
1109 2250 1117 2291 ε
1134 2217 1233 2317 Ergo
1250 2219 1349 2291 teci·

262 2330 341 2390 tans
373 2318 532 2409 officium
555 2319 763 2393 volontarie
784 2320 981 2394 distraetus
1001 2377 1011 2407 ,
1031 2334 1173 2406 careret
1190 2317 1348 2418 quidem

261 2419 416 2498 merito.
434 2418 499 2489 sed
517 2423 588 2517 jam
606 2419 853 2508 satisfaceret,
867 2419 952 2492 cinn
970 2417 1137 2492 Ecclesia
1156 2418 1349 2517 praecipiat

262 2514 432 2588 absolute
463 2518 667 2591 orationem
685 2574 697 2602 ,
717 2543 793 2591 nen
820 2532 942 2591 autem
967 2519 1170 2592 orationem
1194 2516 1351 2587 merito·

262 2614 528 2699 riam‚saltem
554 2643 629 2688 non
658 2630 817 2700 constat,
851 2616 1175 2719 hanepraecipere.
1195 2616 1231 2686 Si
1259 2611 1349 2685 veri>

263 2712 388 2800 dieis,
419 2712 520 2813 quod
556 2715 707 2787 attentio
731 2717 779 2787 sit
808 2715 856 2787 de
886 2717 1041 2788 essentia
1072 2719 1346 2813 cujuscumque

263 2812 458 2894 orationis,
477 2811 587 2885 debet
603 2812 756 2885 concedi
775 2869 784 2895 .
811 2815 1013 2886 orationem
1041 2815 1119 2885 sine
1145 2811 1350 2887 attentione

263 2935 386 3011 neque
400 2900 606 2993 moraliter,
618 2937 738 3009 neque
755 2910 904 3011 physice
920 2938 1024 3011 posse
1037 2912 1109 2984 diei
1124 2912 1349 2996 orationem

264 3011 417 3081 attentio
434 3009 533 3083 enim
547 3066 557 3101 ‚
572 3011 601 3082 si
619 3023 674 3082 est
689 3011 735 3081 de
752 3014 904 3082 essentia
921 3017 1188 3109 cujuscumque
1208 3009 1351 3079 oratio*

262 3108 335 3190 nis,
351 3108 759 3182 oratiosineattentione
771 3109 946 3182 eritmera'
957 3108 1114 3210 prolatio
1129 3105 1348 3191 verborum,

261 3228 341 3277 uon
360 3220 482 3278 autem
501 3208 647 3290 oratio,
675 3204 797 3305 nequ'e
824 3206 1000 3294 moralis,
1028 3232 1149 3307 neque
1168 3204 1318 3304 physica
1337 3259 1349 3289 ,

264 3302 350 3377 cism
360 3303 507 3377 deficiat
518 3305 1246 3404 constitutivumorationisQuapropter,
1257 3302 1348 3375 cirin

263 3401 312 3475 de
327 3404 481 3475 essentia
498 3401 624 3475 formae
643 3405 866 3477 sacramenti
884 3407 1067 3478 Extremae
1083 3401 1278 3479 Unctionis
1292 3427 1352 3472 re-

264 3504 459 3603 quinctus,
481 3517 523 3574 nt
540 3503 587 3574 sit
610 3501 882 3602 deprecatoria,
901 3507 1000 3601 juxta
1021 3502 1117 3575 illud
1138 3503 1173 3573 S.
1190 3496 1349 3582 iacobi,

184 3606 187 3611 ’
239 3600 367 3700 ‚qnod
392 3597 599 3701 Presbyteri
618 3617 719 3673 orent
736 3627 839 3691 super
854 3600 1048 3699 infirmum,
1066 3603 1347 3677 Sacramentum

264 3701 335 3772 erit
353 3697 522 3784 nullum,
537 3699 567 3771 si
592 3698 746 3771 formam
764 3701 941 3773 Sacerdos
960 3697 1120 3799 proferet
1133 3701 1211 3770 sine
1229 3711 1345 3767 atten-

264 3797 388 3885 tione;
417 3798 565 3870 Etenim
586 3798 721 3895 posito,
741 3799 843 3898 qnod
862 3797 975 3870 lorma
993 3798 1106 3894 huius
1121 3795 1350 3874 sacramenti

265 3893 398 3969 debeat
410 3921 487 3969 esse
502 3922 585 3968 vera
612 3896 728 3968 oratio
743 3953 752 3984 ,
771 3911 809 3969 et
827 3898 943 3969 oratio
958 3898 1038 3969 sine
1053 3898 1255 3970 attentione
1269 3918 1348 3967 non

264 3996 313 4068 eit
335 3997 471 4080 oratio',
494 4019 569 4068 non
584 4007 704 4094 potest
720 3995 819 4068 Deus
846 3994 986 4069 elevare
1010 3995 1059 4069 ad
1076 3991 1348 4073 ‚conferendam

265 4097 418 4195 gratiam
433 4092 659 4169 sacramenti
671 4150 683 4185 ,
701 4094 772 4169 nisi
797 4094 952 4169 sormam
972 4109 1096 4196 aptam
1110 4148 1120 4185 ,
1132 4092 1253 4194 qualis
1269 4113 1348 4164 non
