2900 4675
254 366 258 375 ,,
299 282 363 367 268
404 298 444 369 L·
459 298 505 367 V·
522 299 572 366 De
588 298 711 367 raiioue
727 298 939 385 cognoscendi
956 314 988 365 et
1003 298 1139 366 discern.
1152 296 1291 366 Peccata.

237 402 274 487 t,
348 412 503 508 »Resp
526 416 560 484 3.
585 410 652 484 His
671 408 790 482 tribus
809 407 989 509 superbiae
1018 407 1165 483 filiabus
1185 409 1367 510 respondet
1435 490 1436 497 χ

297 538 319 579 s
346 508 657 603 pusillanimitas,
675 511 747 608 qut
763 508 846 622 quis
863 507 1021 580 nimium
1046 504 1117 580 sibi
1134 507 1297 582 diffidens
1312 508 1367 581 de·

296 636 317 675 s
349 620 479 681 tractat
495 606 674 694 honores,
693 604 848 705 gloriam
859 605 944 691 ,vel
962 605 1146 691 ollieium,
1163 631 1236 706 quo
1250 609 1369 706 dignus

295 721 316 773 a
346 721 410 780 est.
425 704 579 779 Veniale
596 720 651 787 est
664 731 708 781 ex
721 730 854 801 genere
867 730 956 796 suo;
975 720 1012 777 et
1027 706 1069 777 fit
1080 705 1253 797 mortale,
1269 708 1297 779 si
1309 707 1366 780 de·
1435 770 1436 773 ,

294 830 318 903 s>
345 818 477 879 trectes
493 861 501 889 ,
515 801 563 877 ad
589 803 692 904 quod
708 801 842 878 teutria
870 804 939 877 sub
959 802 1120 877 mortali.
1135 804 1183 879 V.
1200 805 1300 879 Lesa.
1311 807 1331 876 l.
1348 804 1370 877 l

295 907 380 978 nc.
407 926 481 976 211.
498 903 699 1004 28.L‹1yrri.
716 905 742 973 l.
760 905 795 979 3.
812 918 897 975 sect.
915 904 952 978 5.
1127 900 1132 907 ’

698 1098 801 1172 Unda
823 1100 991 1177 resolves.

344 1320 363 1364 Ι
399 1321 431 1372 ι.
456 1295 623 1371 Audiens
646 1278 796 1370 laudem
826 1296 1002 1384 alterius,
1027 1296 1089 1372 vel
1113 1322 1220 1373 suam
1232 1352 1244 1385 ,
1272 1294 1315 1369 (le
1337 1260 1378 1370 rel
1435 1360 1436 1367 ,

294 1410 314 1468 t
345 1395 549 1470 mortaliter
575 1396 692 1473 mala.
715 1411 847 1497 peceat
868 1395 1099 1483 mortaliter,
1119 1396 1150 1469 si
1177 1420 1224 1497 ap
1251 1394 1368 1484 rubet,

296 1517 318 1566 n
346 1496 541 1596 suscipiat,
557 1498 759 1571 admiretur
774 1492 816 1567 tn
828 1492 939 1571 laude
952 1493 1117 1596 diguam,
1128 1420 1263 1568 useel,
1277 1489 1372 1566 Bata.

295 1621 316 1663 s
347 1596 425 1669 ά.)
465 1595 552 1666 n.3.

345 1721 367 1760 n
398 1618 679 1791 29Vituperans
691 1688 805 1767 alium
820 1689 1080 1766 obvindietam
1097 1718 1177 1766 non
1191 1701 1372 1788 sumptam,

294 1819 325 1859 »—
345 1789 491 1864 aliudve
522 1815 629 1888 grave
660 1789 825 1879 malum,
857 1789 914 1864 vel
956 1807 1152 1890 peceatum
1185 1789 1372 1874 omissum,

296 1904 317 1961 t>
347 1915 379 1962 v.
405 1912 457 1986 gr.
489 1887 787 1976 fornicationem,
817 1902 943 1987 peceat
968 1891 1199 1973 mortaliter,
1229 1888 1309 1988 quia
1327 1897 1372 1957 est

294 2017 318 2061 a>
345 1987 484 2090 species
507 1978 686 2085 jactantiae
704 2046 710 2069 ,
725 2003 759 2059 et
775 2004 830 2058 ast
843 2015 929 2074 cum
943 1989 1210 2090 approbatione
1227 1983 1372 2087 peceati,

295 2103 317 2159 t>
346 2098 383 2160 et
399 2088 543 2161 occasio
569 2085 838 2162 committendi.
856 2084 947 2159 Itis.
1049 2132 1053 2141 ,

345 2215 363 2250 n
397 2187 431 2258 3.
456 2182 643 2259 Induceus
658 2190 696 2255 in
717 2186 900 2257 civitatem
913 2207 1027 2256 novos
1046 2180 1225 2271 habitus,
1243 2197 1278 2256 et
1293 2202 1374 2282 pre·

293 2314 314 2352 s
345 2282 496 2371 videns,
526 2282 631 2386 quod
649 2308 715 2356 suo
736 2284 906 2384 exemplo
927 2284 1108 2357 moralem
1137 2284 1374 2365 necessitatem

293 2407 315 2449 s
343 2381 512 2479 imponat
536 2382 643 2468 aliis,
667 2398 706 2453 ut
728 2399 897 2480 sumptus
923 2382 1059 2454 faciant
1078 2389 1190 2482 supra
1217 2383 1327 2460 vires,
1344 2389 1376 2448 et

293 2503 315 2548 s
347 2487 470 2578 postet
485 2505 560 2555 non
577 2480 720 2580 possint
732 2481 852 2567 alere,
872 2507 965 2578 quos
983 2477 1140 2570 debent,
1153 2482 1211 2554 vel
1231 2477 1373 2553 credito·

294 2593 315 2647 s
345 2578 448 2653 ribus
465 2605 540 2652 nou
559 2577 788 2665 satisfacere,
813 2595 941 2700 peceat
964 2578 1132 2678 graviter.
1148 2577 1296 2652 Baldell.
1312 2576 1333 2654 l,
1344 2599 1388 2678 a

346 2707 367 2748 s>
397 2682 435 2772 4.
455 2678 643 2751 Exornare
660 2702 698 2751 se
720 2676 877 2766 nimium
891 2703 933 2749 ex
953 2678 1066 2748 animi
1085 2676 1229 2756 levitate
1242 2736 1252 2763 ,
1265 2672 1320 2749 val
1332 2696 1381 2743 vae

295 2808 317 2847 s>
345 2777 478 2860 nitate,
497 2801 563 2877 per
579 2801 617 2850 se
632 2774 779 2849 tantiam
794 2792 847 2849 est
864 2777 1017 2849 veniale.
1037 2773 1093 2847 lb.

346 2906 366 2944 n
395 2873 429 2951 5.
456 2875 635 2949 Simulare
655 2875 887 2947 sanctitatem
909 2902 998 2947 cum
1015 2872 1205 2948 voluntate
1224 2899 1301 2947 nen
1316 2869 1375 2943 ha·
1435 2909 1436 2944 1

299 3001 321 3044 n
348 2967 490 3058 bendi,
511 2972 664 3047 mortale
683 2998 761 3046 esse
780 2971 872 3046 dicit
882 2972 1030 3047 ualet.
1046 2998 1077 3043 c.
1312 2977 1317 2984 ’

347 3099 368 3141 n
394 3070 431 3144 6.
459 3069 640 3146 Simulare
667 3071 945 3170 improbitatem
974 3085 1028 3143 est
1058 3088 1256 3170 peecatum·
1277 3066 1378 3167 (quir
1435 3123 1436 3152 ,

267 3200 275 3213 ·
296 3200 319 3242 »
343 3171 673 3250 arimenensium,
687 3169 891 3268 etquidem
903 3169 1182 3255 scandalosum,
1197 3184 1378 3285 potestque
1435 3157 1436 3172 ¹

296 3293 320 3341 n
346 3289 424 3343 esse
435 3268 615 3362 mortale).
631 3269 761 3368 Neque
777 3269 816 3341 id
829 3270 997 3341 leserunt
1013 3271 1150 3358 saneti,
1170 3273 1239 3343 rusi
1255 3267 1376 3340 lacien-

297 3399 320 3440 υ
349 3366 403 3439 do
413 3366 470 3453 id,
491 3366 590 3468 quod
617 3393 660 3441 ex
680 3392 718 3440 se
746 3384 801 3439 est
822 3367 1060 3446 indifferens,
1078 3384 1115 3440 et
1139 3359 1378 3466 permittendo

297 3493 316 3536 s
348 3465 394 3539 ab
411 3466 490 3540 aliis
509 3466 649 3566 accipi,
674 3464 715 3540 lat
744 3467 891 3563 signum
919 3466 1186 3565 improbitatis,
1219 3464 1304 3539 ciam
1325 3477 1375 3533 ts·

102 3593 106 3598 ·
183 3605 185 3608 -
297 3585 435 3739 stupu
454 3592 523 3642 nee
540 3580 730 3657 exortura
746 3590 831 3655 sua,
851 3590 919 3640 neo
934 3591 1064 3641 eorum
1081 3566 1282 3641 intentione
1295 3569 1384 3636 esset·

299 3687 320 3735 t>
349 3675 385 3738 ta
404 3687 439 3742 u.
463 3677 481 3734 t
