2900 4675
252 303 334 400 Cap.
343 305 387 375 Π.
399 302 489 387 Dub.
501 296 546 372 lt.
560 299 610 371 De
622 300 771 371 Ministro
783 297 1071 374 sommiorum.
1137 297 1201 368 555

118 415 191 494 Sed
204 419 295 508 estio
311 421 389 493 haee
413 431 490 490 uon
514 413 718 503 convincit,
739 416 827 513 quis
850 413 889 486 in
906 411 1049 488 tantirm
1068 412 1203 489 oecul-

117 518 208 592 urio
224 518 304 595 lucc
327 543 402 593 uon
420 528 475 590 est
489 513 591 591 licita
604 513 645 587 in
669 536 858 599 sermone,
877 513 916 586 in
937 508 1118 612 quantiam
1141 509 1206 585 loa

46 650 51 658 ·
121 641 240 716 quens
260 612 654 711 teneturinedecipist
668 610 880 711 proximum
902 636 1066 710 quocum
1082 608 1204 710 loqui-

122 714 335 811 tur)taliter
349 711 512 814 proferre
527 709 657 794 rerba,
671 723 716 781 ut
728 707 883 790 audiens
894 709 1007 808 possit
1016 709 1203 784 veritatem

120 812 332 914 percipere,
346 827 383 885 et
397 808 480 885 ided
495 810 534 884 in
549 832 718 886 sermone
733 808 911 883 restrictio
929 806 1022 908 pure
1034 805 1213 883 mentalis

123 925 179 986 est
194 911 321 1002 retita;
339 928 376 984 at
395 913 434 982 in
450 908 654 1006 prolatione
676 905 801 981 formes
819 905 1041 986 sacramenti
1056 930 1133 977 non
1147 913 1213 978 tea

49 1080 56 1098 ,
122 1025 235 1082 netur
258 1010 425 1086 Minister
447 1008 498 1081 itt
526 1005 688 1104 proferre
714 1004 851 1096 verba,
871 1019 913 1077 ut
929 1004 1208 1081 Sacramentum

122 1108 328 1206 suscipiens
341 1104 548 1180 illaaudiat.
558 1105 793 1204 Quapropter
806 1127 882 1184 uon
899 1101 1043 1176 ridetur
1052 1099 1209 1195 obstare,

128 1204 231 1305 qnod
253 1204 339 1279 talis
368 1203 565 1278 occultatio
581 1204 628 1275 sit
654 1204 834 1275 restrictio
857 1199 1047 1293 mentelis3
1063 1213 1100 1276 el
1121 1199 1211 1286 irinc

108 1304 244 1403 prime
266 1304 390 1404 opinio
411 1311 487 1378 nort
513 1300 658 1376 ridetur
675 1298 932 1399 improbanda.

174 1404 233 1478 Ex
252 1400 380 1475 eadem
400 1403 539 1478 ratione
554 1399 818 1485 irreverentia,
834 1424 911 1486 non
924 1395 1050 1475 solium
1063 1399 1127 1497 qui
1146 1394 1253 1472 ari-”⁶0

126 1499 390 1588 ministrando,
403 1500 470 1573 aed
481 1499 592 1573 etiim
603 1496 667 1596 qni
681 1496 918 1596 suscipiendo
933 1497 1213 1572 Sacramentum
1251 1559 1255 1564 .

128 1599 335 1684 simularet,
354 1623 431 1670 uon
451 1609 685 1671 excusaretur
703 1599 724 1668 i
745 1594 909 1685 mortali,
931 1611 975 1668 ut
992 1597 1081 1674 dicit
1104 1594 1218 1678 Croin

129 1694 178 1766 ib.
189 1721 224 1769 o.
245 1697 308 1796 157
323 1720 411 1769 cum
423 1696 619 1768 Cerdone!
632 1691 751 1766 Germ.
763 1690 837 1766 Sed
849 1694 918 1766 hoc
932 1696 1050 1769 currit
1092 1691 1215 1773 naudd

132 1792 236 1870 adest
247 1817 331 1872 vera
345 1791 530 1876 simulatio
546 1790 781 1873 sacramenti.
797 1789 894 1872 Hinc
910 1790 1067 1872 infertur
1088 1848 1111 1874 ,.
1128 1815 1217 1882 cum

133 1891 283 1976 chlen.
305 1892 341 1963 in
358 1891 393 1964 d.
406 1891 515 1987 Prop.
533 1914 634 1987 2911.
652 1890 697 1988 73
716 1889 872 1961 etCrorir
886 1915 922 1961 n.
947 1889 1013 1964 158
1027 1915 1106 1963 cum
1134 1889 1217 1961 nn.

134 1988 310 2078 German,
324 2003 390 2061 ete.
407 1988 519 2089 qnod,
537 1991 566 2059 si
607 1988 663 2059 uis
675 1983 980 2068 nolensconllteri
992 1990 1030 2060 in
1058 1985 1218 2061 rediatur
1342 2001 1351 2012 ‘

132 2087 431 2175 confessionalis,
448 2100 486 2159 et
495 2111 594 2184 genu
623 2109 709 2160 exus
727 2082 938 2186 alloquatur
946 2014 1220 2168 Coniiasssrium

133 2185 181 2259 de
209 2187 337 2284 aliquo
361 2186 530 2282 negotio,
559 2210 633 2256 non
658 2181 808 2260 simulet
833 2186 1219 2299 sacramentaneus

135 2300 266 2384 peccet
284 2299 433 2386 peccato
451 2282 655 2372 mendacii,
672 2284 759 2382 quia
773 2279 858 2359 oiim
878 2281 951 2358 hoc
964 2296 1012 2363 stt
1024 2276 1131 2358 valde
1146 2284 1221 2358 usi·

135 2400 274 2470 tatum,
292 2383 395 2483 quod
418 2382 533 2480 aliqui
555 2378 731 2456 secedant
753 2378 800 2455 ed
824 2381 1097 2465 Confessatium
1113 2385 1228 2467 causis

135 2482 288 2597 petendi
308 2481 597 2581 eleemosynam,
622 2493 687 2553 aut
714 2480 936 2555 consulendi
954 2478 1000 2553 de
1014 2483 1223 2581 scrupulis,

137 2579 315 2671 infertur,
330 2581 513 2669 actionem
527 2578 629 2660 illam
649 2602 728 2653 esse
746 2578 1036 2661 indifferentem.
1049 2578 1162 2663 Secirs
1175 2581 1226 2655 ait

137 2679 327 2752 Cardenus
342 2704 378 2750 n.
394 2703 457 2777 7¹·
472 2675 605 2775 siquis
622 2675 815 2750 accederet
830 2702 918 2751 cum
934 2679 1139 2754 intentione
1155 2732 1164 2765 ,
1185 2693 1227 2753 ut

140 2777 419 2853 circumstantes
437 2774 602 2859 credant,
617 2775 742 2872 ipsum
756 2777 936 2861 confiteri,
947 2790 1038 2850 tunc
1057 2778 1155 2850 enim
1173 2775 1227 2849 di·

140 2876 215 2957 cit,
233 2901 320 2946 eum
339 2886 664 2973 peccarepeccato
680 2871 889 2959 mendacii,
907 2888 945 2948 et
967 2873 1159 2973 sacrilegii.
1179 2875 1229 2950 dt

144 2968 269 3071 quoad
287 2984 481 3071 peccatum
501 2969 681 3067 sacrilegii
699 2995 844 3072 nequeo
865 2970 955 3047 haic
973 2971 1148 3059 doctrinae
1163 3000 1230 3071 ao·

143 3070 344 3171 quiescere,
354 3097 441 3160 cum
460 3072 559 3143 enim
578 3067 630 3143 ibi
641 3067 735 3145 desit
745 3073 910 3156 materia,
924 3086 961 3143 et
971 3071 1100 3160 forma,
1108 3098 1232 3174 neque

141 3167 375 3268 intelligere,
396 3167 461 3242 ubi
478 3168 526 3241 sit
543 3166 732 3242 simulatio
751 3162 1002 3245 Sacr'ameuti
1060 3226 1063 3235 Δ
1365 3240 1370 3251 ,

125 3304 131 3317 «
193 3266 353 3342 infertur
371 3266 418 3341 ll.
440 3265 543 3367 quod
571 3270 611 3338 in
630 3293 742 3355 casu,
762 3293 835 3368 quo
861 3267 999 3368 uliquis
1019 3292 1094 3343 non
1116 3271 1270 3369 possitor

144 3389 184 3438 se
212 3365 406 3464 disponere
436 3362 483 3437 ad
512 3363 847 3464 Communium,
877 3381 1001 3467 posset
1028 3366 1231 3467 aliquande

146 3462 340 3537 convenire
356 3489 443 3538 cum
454 3462 644 3551 Parooho,
657 3462 703 3536 ad
716 3463 902 3539 infamiam
916 3520 926 3554 ,
939 3464 999 3541 rel
1013 3464 1233 3538 scandalum

147 3558 357 3645 vitandum.
373 3577 415 3635 ut
431 3560 492 3637 hic
503 3559 603 3659 dicat
620 3561 764 3637 tantirm
775 3588 888 3663 super
903 3566 983 3662 ipso
999 3563 1109 3638 verba
1121 3566 1233 3647 :Con
1309 3570 1314 3579 '

142 3678 215 3755 pus
236 3657 383 3730 Domini
398 3661 513 3737 nostri
530 3662 621 3734 Jesu
646 3658 780 3734 Christi
799 3662 995 3749 custodiat,
1012 3675 1081 3747 stc.¹
1100 3674 1139 3736 et
1156 3689 1235 3738 non

149 3755 313 3855 praebeat
327 3756 511 3844 Hostiam,
524 3757 894 3845 nastadrniuitcmz'xt.
906 3760 944 3835 6.
955 3775 1048 3859 part.
1070 3785 1081 3833 r
1099 3784 1134 3831 n.
1155 3763 1232 3835 160.

149 3878 236 3928 curn
257 3855 390 3954 Meyer,
406 3854 542 3930 leand.
562 3854 677 3929 Herm
693 3855 804 3929 Diam
820 3871 886 3930 etc.
905 3858 991 3973 quia
1009 3871 1097 3931 tunc
1113 3866 1234 3932 reveri

149 3953 438 4029 nonsimulatur
453 3955 740 4039 Sacramentum.
758 3954 871 4030 secta
885 3953 1087 4045 dicendum
1102 4012 1112 4044 ,
1126 3961 1158 4032 si
1172 3958 1238 4032 Pa-

150 4052 289 4145 rochus
308 4056 470 4155 porrigat
494 4079 538 4129 ex
566 4055 807 4141 conventione
829 4054 988 4131 hostiam
1004 4080 1079 4131 non
1107 4081 1239 4136 couse-

149 4165 309 4243 trstam,
329 4150 369 4231 irt
387 4152 524 4226 docent
541 4151 579 4239 S.
601 4151 669 4226 Th.
686 4149 762 4227 Sor,
780 4152 873 4229 Sunt
891 4153 1003 4254 Vasq.
1024 4167 1061 4226 ct
1076 4156 1141 4243 alai
1153 4182 1240 4236 cum

304 4251 412 4327 Tum.
438 4249 507 4329 IV.
622 4320 625 4329 ,
974 4252 1042 4328 ’23
