<?xml version="1.0" encoding="UTF-8"?>
<!DOCTYPE html PUBLIC "-//W3C//DTD XHTML 1.0 Transitional//EN"
    "http://www.w3.org/TR/xhtml1/DTD/xhtml1-transitional.dtd">
<html xmlns="http://www.w3.org/1999/xhtml" xml:lang="en" lang="en">
 <head>
  <title>
</title>
<meta http-equiv="Content-Type" content="text/html;charset=utf-8" />
  <meta name='ocr-system' content='tesseract 3.04.00' />
  <meta name='ocr-capabilities' content='ocr_page ocr_carea ocr_par ocr_line ocrx_word'/>
</head>
<body>
  <div class='ocr_page' id='page_1' title='image "./theologiamorali06ligugoog_0254.png"; bbox 0 0 2900 4675; ppageno 0'>
   <div class='ocr_carea' id='block_1_1' title="bbox 222 187 1217 280">
    <p class='ocr_par' dir='ltr' id='par_1_1' title="bbox 222 187 1217 280">
     <span class='ocr_line' id='line_1_1' title="bbox 222 187 1217 280; baseline 0 -23"><span class='ocrx_word' id='word_1_1' title='bbox 222 191 284 258; x_wconf 75' lang='lat' dir='ltr'><strong>alti</strong></span> <span class='ocrx_word' id='word_1_2' title='bbox 327 191 366 256; x_wconf 84' lang='lat' dir='ltr'><strong>L.</strong></span> <span class='ocrx_word' id='word_1_3' title='bbox 377 189 421 258; x_wconf 84' lang='lat' dir='ltr'><strong>V.</strong></span> <span class='ocrx_word' id='word_1_4' title='bbox 440 189 490 258; x_wconf 84' lang='lat' dir='ltr'><strong>De</strong></span> <span class='ocrx_word' id='word_1_5' title='bbox 506 192 630 259; x_wconf 84' lang='lat' dir='ltr'><strong>ratione</strong></span> <span class='ocrx_word' id='word_1_6' title='bbox 648 190 860 280; x_wconf 81' lang='lat' dir='ltr'><strong>cognoscendi</strong></span> <span class='ocrx_word' id='word_1_7' title='bbox 877 205 909 259; x_wconf 87' lang='lat' dir='ltr'><strong>et</strong></span> <span class='ocrx_word' id='word_1_8' title='bbox 923 191 1060 265; x_wconf 77' lang='lat' dir='ltr'><strong>distem.</strong></span> <span class='ocrx_word' id='word_1_9' title='bbox 1073 187 1217 259; x_wconf 81' lang='lat' dir='ltr'><strong>Peccata.</strong></span> 
     </span>
    </p>
   </div>
   <div class='ocr_carea' id='block_1_2' title="bbox 45 298 1433 4046">
    <p class='ocr_par' dir='ltr' id='par_1_2' title="bbox 45 298 1433 4046">
     <span class='ocr_line' id='line_1_2' title="bbox 223 298 1303 397; baseline 0.001 -24"><span class='ocrx_word' id='word_1_10' title='bbox 223 302 333 396; x_wconf 73' lang='lat' dir='ltr'><strong>Vusq.</strong></span> <span class='ocrx_word' id='word_1_11' title='bbox 357 298 457 373; x_wconf 84' lang='lat' dir='ltr'><strong>Suur.</strong></span> <span class='ocrx_word' id='word_1_12' title='bbox 478 298 593 374; x_wconf 80' lang='lat' dir='ltr'><strong>Diuo.</strong></span> <span class='ocrx_word' id='word_1_13' title='bbox 621 316 684 375; x_wconf 83' lang='lat' dir='ltr'><strong>etc.</strong></span> <span class='ocrx_word' id='word_1_14' title='bbox 712 327 790 373; x_wconf 86' lang='lat' dir='ltr'><strong>cum</strong></span> <span class='ocrx_word' id='word_1_15' title='bbox 809 298 918 377; x_wconf 84' lang='lat' dir='ltr'><strong>Sulm.</strong></span> <span class='ocrx_word' id='word_1_16' title='bbox 937 302 962 374; x_wconf 88' lang='lat' dir='ltr'><strong>I.</strong></span> <span class='ocrx_word' id='word_1_17' title='bbox 982 325 1016 379; x_wconf 84' lang='lat' dir='ltr'><strong>c.</strong></span> <span class='ocrx_word' id='word_1_18' title='bbox 1034 328 1073 375; x_wconf 79' lang='grc' dir='ltr'><strong>ιι.</strong></span> <span class='ocrx_word' id='word_1_19' title='bbox 1102 304 1167 397; x_wconf 74' lang='grc'><strong>34..</strong></span> <span class='ocrx_word' id='word_1_20' title='bbox 1180 298 1303 395; x_wconf 79' lang='lat' dir='ltr'><strong>Quarir</strong></span> 
     </span>
     <span class='ocr_line' id='line_1_3' title="bbox 219 397 1303 502; baseline 0.003 -30"><span class='ocrx_word' id='word_1_21' title='bbox 219 398 346 499; x_wconf 91' lang='lat' dir='ltr'><strong>opiuio</strong></span> <span class='ocrx_word' id='word_1_22' title='bbox 366 398 543 497; x_wconf 70' lang='lat' dir='ltr'><strong>Lugunis,</strong></span> <span class='ocrx_word' id='word_1_23' title='bbox 567 415 604 470; x_wconf 84' lang='lat' dir='ltr'><strong>et</strong></span> <span class='ocrx_word' id='word_1_24' title='bbox 619 399 713 471; x_wconf 82' lang='lat' dir='ltr'><strong>Cani</strong></span> <span class='ocrx_word' id='word_1_25' title='bbox 728 397 859 473; x_wconf 69' lang='lat' dir='ltr'><strong>saltem</strong></span> <span class='ocrx_word' id='word_1_26' title='bbox 880 406 1065 502; x_wconf 71' lang='lat' dir='ltr'><strong>tamqubm</strong></span> <span class='ocrx_word' id='word_1_27' title='bbox 1082 401 1196 476; x_wconf 74' lang='lat' dir='ltr'><strong>dubie</strong></span> <span class='ocrx_word' id='word_1_28' title='bbox 1214 426 1303 497; x_wconf 89' lang='lat' dir='ltr'><strong>pro·</strong></span> 
     </span>
     <span class='ocr_line' id='line_1_4' title="bbox 219 495 1306 598; baseline -0.001 -27"><span class='ocrx_word' id='word_1_29' title='bbox 219 496 376 583; x_wconf 86' lang='lat' dir='ltr'><strong>babilis,</strong></span> <span class='ocrx_word' id='word_1_30' title='bbox 398 520 473 570; x_wconf 88' lang='lat' dir='ltr'><strong>nou</strong></span> <span class='ocrx_word' id='word_1_31' title='bbox 501 512 555 570; x_wconf 81' lang='lat' dir='ltr'><strong>est</strong></span> <span class='ocrx_word' id='word_1_32' title='bbox 583 497 753 571; x_wconf 52' lang='lat' dir='ltr'><strong>tenenda,</strong></span> <span class='ocrx_word' id='word_1_33' title='bbox 773 501 822 573; x_wconf 80' lang='lat' dir='ltr'><strong>Et</strong></span> <span class='ocrx_word' id='word_1_34' title='bbox 848 495 931 571; x_wconf 73' lang='lat' dir='ltr'><strong>ideo</strong></span> <span class='ocrx_word' id='word_1_35' title='bbox 949 501 1130 598; x_wconf 89' lang='lat' dir='ltr'><strong>poenitens</strong></span> <span class='ocrx_word' id='word_1_36' title='bbox 1180 499 1306 572; x_wconf 84' lang='lat' dir='ltr'><strong>uidem</strong></span> 
     </span>
     <span class='ocr_line' id='line_1_5' title="bbox 191 527 1343 696; baseline 0.002 -29"><span class='ocrx_word' id='word_1_37' title='bbox 191 670 192 677; x_wconf 39' lang='lat'><strong>,</strong></span> <span class='ocrx_word' id='word_1_38' title='bbox 220 595 331 669; x_wconf 82' lang='lat' dir='ltr'><strong>debet</strong></span> <span class='ocrx_word' id='word_1_39' title='bbox 348 595 531 696; x_wconf 67' lang='lat' dir='ltr'><strong>explicare</strong></span> <span class='ocrx_word' id='word_1_40' title='bbox 549 651 560 683; x_wconf 81' lang='lat'><strong>,</strong></span> <span class='ocrx_word' id='word_1_41' title='bbox 577 597 607 667; x_wconf 85' lang='lat' dir='ltr'><strong>si</strong></span> <span class='ocrx_word' id='word_1_42' title='bbox 628 610 773 696; x_wconf 83' lang='lat' dir='ltr'><strong>potest,</strong></span> <span class='ocrx_word' id='word_1_43' title='bbox 794 610 885 696; x_wconf 90' lang='lat' dir='ltr'><strong>quot</strong></span> <span class='ocrx_word' id='word_1_44' title='bbox 903 597 1041 671; x_wconf 82' lang='lat' dir='ltr'><strong>uicibus</strong></span> <span class='ocrx_word' id='word_1_45' title='bbox 1060 527 1305 673; x_wconf 73' lang='lat' dir='ltr'><strong>inuoluptate</strong></span> <span class='ocrx_word' id='word_1_46' title='bbox 1335 592 1343 605; x_wconf 90' lang='grc'><strong><em>’</em></strong></span> 
     </span>
     <span class='ocr_line' id='line_1_6' title="bbox 220 693 1304 797; baseline 0.001 -30"><span class='ocrx_word' id='word_1_47' title='bbox 220 695 469 793; x_wconf 80' lang='lat' dir='ltr'><strong>consenserit3</strong></span> <span class='ocrx_word' id='word_1_48' title='bbox 491 696 520 767; x_wconf 86' lang='lat' dir='ltr'><strong>si</strong></span> <span class='ocrx_word' id='word_1_49' title='bbox 542 693 629 768; x_wconf 74' lang='lat' dir='ltr'><strong>veri&gt;</strong></span> <span class='ocrx_word' id='word_1_50' title='bbox 644 720 718 768; x_wconf 86' lang='lat' dir='ltr'><strong>nou</strong></span> <span class='ocrx_word' id='word_1_51' title='bbox 742 708 884 793; x_wconf 84' lang='lat' dir='ltr'><strong>potest,</strong></span> <span class='ocrx_word' id='word_1_52' title='bbox 905 697 988 795; x_wconf 90' lang='lat' dir='ltr'><strong>qnia</strong></span> <span class='ocrx_word' id='word_1_53' title='bbox 1004 723 1138 797; x_wconf 83' lang='lat' dir='ltr'><strong>pravus</strong></span> <span class='ocrx_word' id='word_1_54' title='bbox 1157 698 1304 770; x_wconf 83' lang='lat' dir='ltr'><strong>animus</strong></span> 
     </span>
     <span class='ocr_line' id='line_1_7' title="bbox 218 791 1304 895; baseline -0.001 -29"><span class='ocrx_word' id='word_1_55' title='bbox 218 794 290 866; x_wconf 82' lang='lat' dir='ltr'><strong>suit</strong></span> <span class='ocrx_word' id='word_1_56' title='bbox 310 791 531 881; x_wconf 83' lang='lat' dir='ltr'><strong>diuturnus,</strong></span> <span class='ocrx_word' id='word_1_57' title='bbox 550 800 641 868; x_wconf 82' lang='lat' dir='ltr'><strong>tirus</strong></span> <span class='ocrx_word' id='word_1_58' title='bbox 668 792 803 866; x_wconf 84' lang='lat' dir='ltr'><strong>sufficit</strong></span> <span class='ocrx_word' id='word_1_59' title='bbox 835 794 939 868; x_wconf 84' lang='lat' dir='ltr'><strong>lateri</strong></span> <span class='ocrx_word' id='word_1_60' title='bbox 969 810 1136 895; x_wconf 87' lang='lat' dir='ltr'><strong>tempus,</strong></span> <span class='ocrx_word' id='word_1_61' title='bbox 1162 796 1202 867; x_wconf 88' lang='lat' dir='ltr'><strong>in</strong></span> <span class='ocrx_word' id='word_1_62' title='bbox 1226 818 1304 893; x_wconf 88' lang='lat' dir='ltr'><strong>quo</strong></span> 
     </span>
     <span class='ocr_line' id='line_1_8' title="bbox 219 886 1306 992; baseline -0.001 -29"><span class='ocrx_word' id='word_1_63' title='bbox 219 918 305 963; x_wconf 89' lang='lat' dir='ltr'><strong>curn</strong></span> <span class='ocrx_word' id='word_1_64' title='bbox 338 891 401 963; x_wconf 88' lang='lat' dir='ltr'><strong>tali</strong></span> <span class='ocrx_word' id='word_1_65' title='bbox 429 893 553 966; x_wconf 86' lang='lat' dir='ltr'><strong>animo</strong></span> <span class='ocrx_word' id='word_1_66' title='bbox 583 895 888 992; x_wconf 58' lang='lat' dir='ltr'><strong>perseveraverit,</strong></span> <span class='ocrx_word' id='word_1_67' title='bbox 916 892 958 966; x_wconf 77' lang='lat' dir='ltr'><strong>lut</strong></span> <span class='ocrx_word' id='word_1_68' title='bbox 986 892 1116 967; x_wconf 88' lang='lat' dir='ltr'><strong>dieunt</strong></span> <span class='ocrx_word' id='word_1_69' title='bbox 1138 886 1252 966; x_wconf 69' lang='lat' dir='ltr'><strong>Rom.</strong></span> <span class='ocrx_word' id='word_1_70' title='bbox 1269 905 1306 962; x_wconf 83' lang='lat' dir='ltr'><strong>et</strong></span> 
     </span>
     <span class='ocr_line' id='line_1_9' title="bbox 221 987 1307 1091; baseline 0 -29"><span class='ocrx_word' id='word_1_71' title='bbox 221 992 258 1062; x_wconf 89' lang='lat' dir='ltr'><em>V</em></span> <span class='ocrx_word' id='word_1_72' title='bbox 254 991 310 1061; x_wconf 70' lang='lat' dir='ltr'><strong>ua</strong></span> <span class='ocrx_word' id='word_1_73' title='bbox 324 992 368 1061; x_wconf 85' lang='lat' dir='ltr'><strong>de</strong></span> <span class='ocrx_word' id='word_1_74' title='bbox 385 988 483 1062; x_wconf 79' lang='lat' dir='ltr'><strong>Sucr.</strong></span> <span class='ocrx_word' id='word_1_75' title='bbox 496 990 625 1062; x_wconf 68' lang='lat' dir='ltr'><strong>Ponit</strong></span> <span class='ocrx_word' id='word_1_76' title='bbox 640 1018 674 1090; x_wconf 86' lang='lat' dir='ltr'><strong>q.</strong></span> <span class='ocrx_word' id='word_1_77' title='bbox 694 992 715 1064; x_wconf 88' lang='lat'><strong>5</strong></span> <span class='ocrx_word' id='word_1_78' title='bbox 736 1018 789 1075; x_wconf 81' lang='lat' dir='ltr'><strong>ar,</strong></span> <span class='ocrx_word' id='word_1_79' title='bbox 807 1012 828 1090; x_wconf 86' lang='lat'><strong>7</strong></span> <span class='ocrx_word' id='word_1_80' title='bbox 843 1017 881 1065; x_wconf 82' lang='lat' dir='ltr'><strong>u.</strong></span> <span class='ocrx_word' id='word_1_81' title='bbox 896 1019 929 1067; x_wconf 82' lang='lat'><strong>2.</strong></span> <span class='ocrx_word' id='word_1_82' title='bbox 948 1019 1034 1066; x_wconf 88' lang='lat' dir='ltr'><strong>cum</strong></span> <span class='ocrx_word' id='word_1_83' title='bbox 1050 994 1085 1060; x_wconf 86' lang='lat' dir='ltr'><em>V</em></span> <span class='ocrx_word' id='word_1_84' title='bbox 1080 1018 1157 1091; x_wconf 85' lang='lat' dir='ltr'><strong>usq.</strong></span> <span class='ocrx_word' id='word_1_85' title='bbox 1173 987 1307 1066; x_wconf 79' lang='lat' dir='ltr'><strong>ltleritb</strong></span> 
     </span>
     <span class='ocr_line' id='line_1_10' title="bbox 219 1088 1305 1191; baseline 0.001 -31"><span class='ocrx_word' id='word_1_86' title='bbox 219 1104 342 1167; x_wconf 86' lang='lat' dir='ltr'><strong>autem</strong></span> <span class='ocrx_word' id='word_1_87' title='bbox 363 1100 496 1165; x_wconf 84' lang='lat' dir='ltr'><strong>notant</strong></span> <span class='ocrx_word' id='word_1_88' title='bbox 520 1090 554 1161; x_wconf 72' lang='lat' dir='ltr'><strong>t:</strong></span> <span class='ocrx_word' id='word_1_89' title='bbox 578 1088 731 1165; x_wconf 82' lang='lat' dir='ltr'><strong>Conrirlt.</strong></span> <span class='ocrx_word' id='word_1_90' title='bbox 755 1105 790 1162; x_wconf 83' lang='lat' dir='ltr'><strong>et</strong></span> <span class='ocrx_word' id='word_1_91' title='bbox 806 1089 905 1187; x_wconf 70' lang='lat' dir='ltr'><strong>Lugo</strong></span> <span class='ocrx_word' id='word_1_92' title='bbox 922 1092 1022 1191; x_wconf 85' lang='lat' dir='ltr'><strong>apud</strong></span> <span class='ocrx_word' id='word_1_93' title='bbox 1043 1090 1167 1162; x_wconf 85' lang='lat' dir='ltr'><strong>Tumb.</strong></span> <span class='ocrx_word' id='word_1_94' title='bbox 1186 1116 1225 1159; x_wconf 87' lang='lat' dir='ltr'><strong>n.</strong></span> <span class='ocrx_word' id='word_1_95' title='bbox 1242 1089 1305 1163; x_wconf 82' lang='lat'><strong>53.</strong></span> 
     </span>
     <span class='ocr_line' id='line_1_11' title="bbox 218 1176 1303 1283; baseline -0.004 -24"><span class='ocrx_word' id='word_1_96' title='bbox 218 1190 233 1283; x_wconf 86' lang='lat'>(</span> <span class='ocrx_word' id='word_1_97' title='bbox 240 1176 329 1267; x_wconf 86' lang='lat' dir='ltr'><strong>licet</strong></span> <span class='ocrx_word' id='word_1_98' title='bbox 342 1185 465 1259; x_wconf 82' lang='lat' dir='ltr'><strong>Tumb.</strong></span> <span class='ocrx_word' id='word_1_99' title='bbox 478 1188 558 1259; x_wconf 81' lang='lat' dir='ltr'><strong>non&#39;</strong></span> <span class='ocrx_word' id='word_1_100' title='bbox 569 1187 761 1282; x_wconf 82' lang='lat' dir='ltr'><strong>assentiat)</strong></span> <span class='ocrx_word' id='word_1_101' title='bbox 774 1214 859 1263; x_wconf 88' lang='lat' dir='ltr'><strong>cum</strong></span> <span class='ocrx_word' id='word_1_102' title='bbox 876 1188 966 1261; x_wconf 76' lang='lat' dir='ltr'><strong>Viro</strong></span> <span class='ocrx_word' id='word_1_103' title='bbox 978 1216 1015 1263; x_wconf 84' lang='lat' dir='ltr'><strong>u.</strong></span> <span class='ocrx_word' id='word_1_104' title='bbox 1032 1189 1053 1262; x_wconf 86' lang='lat'>5</span> <span class='ocrx_word' id='word_1_105' title='bbox 1071 1205 1107 1261; x_wconf 82' lang='lat' dir='ltr'><strong>et</strong></span> <span class='ocrx_word' id='word_1_106' title='bbox 1120 1187 1303 1274; x_wconf 79' lang='lat' dir='ltr'><strong>Autoiue,</strong></span> 
     </span>
     <span class='ocr_line' id='line_1_12' title="bbox 220 1280 1306 1386; baseline -0.001 -29"><span class='ocrx_word' id='word_1_107' title='bbox 220 1285 323 1383; x_wconf 89' lang='lat' dir='ltr'><strong>quud</strong></span> <span class='ocrx_word' id='word_1_108' title='bbox 341 1280 516 1385; x_wconf 80' lang='lat' dir='ltr'><strong>explicari</strong></span> <span class='ocrx_word' id='word_1_109' title='bbox 527 1282 679 1371; x_wconf 85' lang='lat' dir='ltr'><strong>debeat,</strong></span> <span class='ocrx_word' id='word_1_110' title='bbox 693 1311 740 1359; x_wconf 86' lang='lat' dir='ltr'><strong>au</strong></span> <span class='ocrx_word' id='word_1_111' title='bbox 753 1286 1039 1386; x_wconf 81' lang='lat' dir='ltr'><strong>interruptiones</strong></span> <span class='ocrx_word' id='word_1_112' title='bbox 1052 1286 1189 1359; x_wconf 84' lang='lat' dir='ltr'><strong>fuerint</strong></span> <span class='ocrx_word' id='word_1_113' title='bbox 1200 1299 1306 1357; x_wconf 81' lang='lat' dir='ltr'><strong>nota-</strong></span> 
     </span>
     <span class='ocr_line' id='line_1_13' title="bbox 217 1383 1302 1482; baseline -0.003 -26"><span class='ocrx_word' id='word_1_114' title='bbox 217 1383 353 1457; x_wconf 82' lang='lat' dir='ltr'><strong>biliter·</strong></span> <span class='ocrx_word' id='word_1_115' title='bbox 372 1408 479 1465; x_wconf 78' lang='lat' dir='ltr'><strong>rurae,</strong></span> <span class='ocrx_word' id='word_1_116' title='bbox 511 1383 568 1456; x_wconf 87' lang='lat' dir='ltr'><strong>vel</strong></span> <span class='ocrx_word' id='word_1_117' title='bbox 597 1384 819 1482; x_wconf 75' lang='lat' dir='ltr'><strong>frequentes.</strong></span> <span class='ocrx_word' id='word_1_118' title='bbox 843 1385 981 1459; x_wconf 83' lang='lat' dir='ltr'><strong>Notant</strong></span> <span class='ocrx_word' id='word_1_119' title='bbox 1005 1388 1051 1461; x_wconf 85' lang='lat' dir='ltr'><strong>ll.</strong></span> <span class='ocrx_word' id='word_1_120' title='bbox 1073 1383 1199 1456; x_wconf 72' lang='lat' dir='ltr'><strong>tamt.</strong></span> <span class='ocrx_word' id='word_1_121' title='bbox 1224 1385 1251 1455; x_wconf 89' lang='lat' dir='ltr'><strong>·l.</strong></span> <span class='ocrx_word' id='word_1_122' title='bbox 1268 1409 1302 1455; x_wconf 83' lang='lat' dir='ltr'><strong>c.</strong></span> 
     </span>
     <span class='ocr_line' id='line_1_14' title="bbox 218 1480 1306 1585; baseline 0.002 -32"><span class='ocrx_word' id='word_1_123' title='bbox 218 1484 333 1575; x_wconf 62' lang='grc' dir='ltr'><strong>ΜΒ.</strong></span> <span class='ocrx_word' id='word_1_124' title='bbox 360 1507 445 1553; x_wconf 80' lang='lat' dir='ltr'><strong>cuns</strong></span> <span class='ocrx_word' id='word_1_125' title='bbox 463 1481 641 1579; x_wconf 75' lang='lat' dir='ltr'><strong>Lugu,et</strong></span> <span class='ocrx_word' id='word_1_126' title='bbox 657 1484 748 1555; x_wconf 72' lang='lat' dir='ltr'><strong>Vua</strong></span> <span class='ocrx_word' id='word_1_127' title='bbox 764 1482 800 1558; x_wconf 83' lang='lat' dir='ltr'><strong>d.</strong></span> <span class='ocrx_word' id='word_1_128' title='bbox 816 1482 1081 1585; x_wconf 84' lang='lat' dir='ltr'><strong>n.5qnod,si</strong></span> <span class='ocrx_word' id='word_1_129' title='bbox 1093 1483 1219 1584; x_wconf 87' lang='lat' dir='ltr'><strong>plures</strong></span> <span class='ocrx_word' id='word_1_130' title='bbox 1234 1480 1306 1555; x_wconf 86' lang='lat' dir='ltr'><strong>bu·</strong></span> 
     </span>
     <span class='ocr_line' id='line_1_15' title="bbox 210 1579 1307 1685; baseline 0.001 -34"><span class='ocrx_word' id='word_1_131' title='bbox 210 1604 212 1609; x_wconf 91' lang='lat'>·</span> <span class='ocrx_word' id='word_1_132' title='bbox 219 1579 381 1679; x_wconf 83' lang='lat' dir='ltr'><strong>jusmodi</strong></span> <span class='ocrx_word' id='word_1_133' title='bbox 399 1593 503 1655; x_wconf 83' lang='lat' dir='ltr'><strong>actus</strong></span> <span class='ocrx_word' id='word_1_134' title='bbox 517 1606 560 1653; x_wconf 81' lang='lat' dir='ltr'><strong>ex</strong></span> <span class='ocrx_word' id='word_1_135' title='bbox 576 1580 706 1653; x_wconf 88' lang='lat' dir='ltr'><strong>eodem</strong></span> <span class='ocrx_word' id='word_1_136' title='bbox 725 1585 865 1681; x_wconf 90' lang='lat' dir='ltr'><strong>impetu</strong></span> <span class='ocrx_word' id='word_1_137' title='bbox 888 1584 1201 1685; x_wconf 70' lang='lat' dir='ltr'><strong>concupiscentie</strong></span> <span class='ocrx_word' id='word_1_138' title='bbox 1215 1604 1307 1681; x_wconf 89' lang='lat' dir='ltr'><strong>pro-</strong></span> 
     </span>
     <span class='ocr_line' id='line_1_16' title="bbox 220 1676 1305 1777; baseline -0.002 -26"><span class='ocrx_word' id='word_1_139' title='bbox 220 1680 359 1751; x_wconf 86' lang='lat' dir='ltr'><strong>cedant</strong></span> <span class='ocrx_word' id='word_1_140' title='bbox 379 1732 387 1761; x_wconf 88' lang='lat'><strong>,</strong></span> <span class='ocrx_word' id='word_1_141' title='bbox 411 1702 526 1751; x_wconf 89' lang='lat' dir='ltr'><strong>unum</strong></span> <span class='ocrx_word' id='word_1_142' title='bbox 557 1697 751 1777; x_wconf 85' lang='lat' dir='ltr'><strong>peccatum</strong></span> <span class='ocrx_word' id='word_1_143' title='bbox 777 1680 933 1755; x_wconf 80' lang='lat' dir='ltr'><strong>mortale</strong></span> <span class='ocrx_word' id='word_1_144' title='bbox 966 1682 1214 1769; x_wconf 81' lang='lat' dir='ltr'><strong>constituant,</strong></span> <span class='ocrx_word' id='word_1_145' title='bbox 1237 1676 1305 1752; x_wconf 80' lang='lat' dir='ltr'><strong>etsi</strong></span> 
     </span>
     <span class='ocr_line' id='line_1_17' title="bbox 220 1776 1139 1874; baseline 0.002 -25"><span class='ocrx_word' id='word_1_146' title='bbox 220 1776 375 1874; x_wconf 81' lang='lat' dir='ltr'>aliquod</span> <span class='ocrx_word' id='word_1_147' title='bbox 392 1776 500 1851; x_wconf 77' lang='lat' dir='ltr'><strong>breve</strong></span> <span class='ocrx_word' id='word_1_148' title='bbox 518 1777 751 1851; x_wconf 77' lang='lat' dir='ltr'><strong>intervallum</strong></span> <span class='ocrx_word' id='word_1_149' title='bbox 767 1778 909 1854; x_wconf 86' lang='lat' dir='ltr'><strong>actibus</strong></span> <span class='ocrx_word' id='word_1_150' title='bbox 924 1780 1139 1853; x_wconf 86' lang='lat' dir='ltr'><strong>intercedat.</strong></span> 
     </span>
     <span class='ocr_line' id='line_1_18' title="bbox 179 1872 1306 1976; baseline -0.004 -27"><span class='ocrx_word' id='word_1_151' title='bbox 179 1916 211 1968; x_wconf 78' lang='lat'><strong>38</strong></span> <span class='ocrx_word' id='word_1_152' title='bbox 235 1948 241 1965; x_wconf 75' lang='grc'><strong><em>,</em></strong></span> <span class='ocrx_word' id='word_1_153' title='bbox 270 1872 484 1951; x_wconf 82' lang='lat' dir='ltr'><strong>Hueeurrit</strong></span> <span class='ocrx_word' id='word_1_154' title='bbox 502 1875 626 1976; x_wconf 75' lang='lat' dir='ltr'><strong>qubad</strong></span> <span class='ocrx_word' id='word_1_155' title='bbox 642 1878 923 1953; x_wconf 85' lang='lat' dir='ltr'><strong>actuaiuternoo</strong></span> <span class='ocrx_word' id='word_1_156' title='bbox 940 1879 1036 1953; x_wconf 70' lang='lat' dir='ltr'><strong>ciret</strong></span> <span class='ocrx_word' id='word_1_157' title='bbox 1053 1890 1199 1976; x_wconf 85' lang='lat' dir='ltr'><strong>peecata</strong></span> <span class='ocrx_word' id='word_1_158' title='bbox 1217 1874 1306 1947; x_wconf 86' lang='lat' dir='ltr'><strong>Cur-</strong></span> 
     </span>
     <span class='ocr_line' id='line_1_19' title="bbox 45 1969 1309 2076; baseline 0.002 -32"><span class='ocrx_word' id='word_1_159' title='bbox 45 1981 49 1993; x_wconf 80' lang='grc'><strong>“</strong></span> <span class='ocrx_word' id='word_1_160' title='bbox 217 1974 283 2048; x_wconf 71' lang='lat' dir='ltr'><strong>dz‘s.</strong></span> <span class='ocrx_word' id='word_1_161' title='bbox 297 1969 430 2068; x_wconf 79' lang='lat' dir='ltr'><strong>Qubad</strong></span> <span class='ocrx_word' id='word_1_162' title='bbox 447 1990 551 2058; x_wconf 82' lang='lat' dir='ltr'><strong>actus¹</strong></span> <span class='ocrx_word' id='word_1_163' title='bbox 569 1990 692 2050; x_wconf 85' lang='lat' dir='ltr'><strong>autem</strong></span> <span class='ocrx_word' id='word_1_164' title='bbox 706 1975 862 2057; x_wconf 79' lang='lat' dir='ltr'><strong>internus</strong></span> <span class='ocrx_word' id='word_1_165' title='bbox 881 1977 977 2051; x_wconf 76' lang='lat' dir='ltr'><strong>circii</strong></span> <span class='ocrx_word' id='word_1_166' title='bbox 996 1992 1142 2076; x_wconf 81' lang='lat' dir='ltr'><strong>peccata</strong></span> <span class='ocrx_word' id='word_1_167' title='bbox 1153 1973 1255 2059; x_wconf 73' lang='lat' dir='ltr'><strong>Oris,</strong></span> <span class='ocrx_word' id='word_1_168' title='bbox 1268 1987 1309 2046; x_wconf 82' lang='lat' dir='ltr'><strong>et</strong></span> 
     </span>
     <span class='ocr_line' id='line_1_20' title="bbox 182 2071 1306 2170; baseline -0.003 -25"><span class='ocrx_word' id='word_1_169' title='bbox 182 2126 184 2131; x_wconf 87' lang='lat'><em>-</em></span> <span class='ocrx_word' id='word_1_170' title='bbox 219 2073 359 2168; x_wconf 66' lang='lat' dir='ltr'><strong>opatu.</strong></span> <span class='ocrx_word' id='word_1_171' title='bbox 376 2097 458 2170; x_wconf 82' lang='lat' dir='ltr'><strong>quae</strong></span> <span class='ocrx_word' id='word_1_172' title='bbox 472 2074 619 2149; x_wconf 70' lang='lat' dir='ltr'><strong>externe</strong></span> <span class='ocrx_word' id='word_1_173' title='bbox 631 2089 987 2162; x_wconf 88' lang='lat' dir='ltr'><strong>consummantur,u</strong></span> <span class='ocrx_word' id='word_1_174' title='bbox 995 2078 1021 2149; x_wconf 89' lang='lat' dir='ltr'><strong>ti</strong></span> <span class='ocrx_word' id='word_1_175' title='bbox 1033 2090 1119 2150; x_wconf 89' lang='lat' dir='ltr'><strong>sunt</strong></span> <span class='ocrx_word' id='word_1_176' title='bbox 1129 2071 1306 2169; x_wconf 84' lang='lat' dir='ltr'><strong>blaspbe-</strong></span> 
     </span>
     <span class='ocr_line' id='line_1_21' title="bbox 217 2170 1303 2271; baseline -0.004 -26"><span class='ocrx_word' id='word_1_177' title='bbox 217 2197 324 2261; x_wconf 78' lang='lat' dir='ltr'><strong>miae,</strong></span> <span class='ocrx_word' id='word_1_178' title='bbox 343 2170 440 2247; x_wconf 84' lang='lat' dir='ltr'><strong>furto</strong></span> <span class='ocrx_word' id='word_1_179' title='bbox 467 2186 536 2244; x_wconf 87' lang='lat' dir='ltr'><strong>etc.</strong></span> <span class='ocrx_word' id='word_1_180' title='bbox 560 2170 599 2244; x_wconf 87' lang='lat' dir='ltr'><strong>bi</strong></span> <span class='ocrx_word' id='word_1_181' title='bbox 627 2187 731 2245; x_wconf 88' lang='lat' dir='ltr'><strong>aetus</strong></span> <span class='ocrx_word' id='word_1_182' title='bbox 751 2172 941 2246; x_wconf 80' lang='lat' dir='ltr'><strong>moraliter</strong></span> <span class='ocrx_word' id='word_1_183' title='bbox 970 2174 1303 2271; x_wconf 82' lang='lat' dir='ltr'><strong>interrumpuntur.</strong></span> 
     </span>
     <span class='ocr_line' id='line_1_22' title="bbox 217 2264 1433 2364; baseline -0.006 -16"><span class='ocrx_word' id='word_1_184' title='bbox 217 2269 245 2348; x_wconf 74' lang='lat' dir='ltr'><strong>l,</strong></span> <span class='ocrx_word' id='word_1_185' title='bbox 262 2264 332 2348; x_wconf 85' lang='lat' dir='ltr'><strong>Per</strong></span> <span class='ocrx_word' id='word_1_186' title='bbox 349 2269 644 2344; x_wconf 80' lang='lat' dir='ltr'><strong>retractationem</strong></span> <span class='ocrx_word' id='word_1_187' title='bbox 662 2270 874 2348; x_wconf 81' lang='lat' dir='ltr'><strong>voluntatis.</strong></span> <span class='ocrx_word' id='word_1_188' title='bbox 890 2272 936 2347; x_wconf 89' lang='grc' dir='ltr'><strong>ΙΙ.</strong></span> <span class='ocrx_word' id='word_1_189' title='bbox 963 2275 1032 2350; x_wconf 87' lang='lat' dir='ltr'><strong>Per</strong></span> <span class='ocrx_word' id='word_1_190' title='bbox 1054 2271 1207 2346; x_wconf 85' lang='lat' dir='ltr'><strong>liberam</strong></span> <span class='ocrx_word' id='word_1_191' title='bbox 1227 2294 1304 2342; x_wconf 81' lang='lat' dir='ltr'><strong>cea·</strong></span> <span class='ocrx_word' id='word_1_192' title='bbox 1432 2349 1433 2364; x_wconf 11' lang='grc' dir='ltr'>χ</span> 
     </span>
     <span class='ocr_line' id='line_1_23' title="bbox 220 2366 1433 2471; baseline -0.005 -29"><span class='ocrx_word' id='word_1_193' title='bbox 220 2369 425 2453; x_wconf 77' lang='lat' dir='ltr'><strong>sationem,</strong></span> <span class='ocrx_word' id='word_1_194' title='bbox 453 2367 663 2456; x_wconf 83' lang='lat' dir='ltr'><strong>uimirirtn,</strong></span> <span class='ocrx_word' id='word_1_195' title='bbox 696 2370 729 2446; x_wconf 82' lang='lat' dir='ltr'><strong>si</strong></span> <span class='ocrx_word' id='word_1_196' title='bbox 759 2371 842 2471; x_wconf 86' lang='lat' dir='ltr'><strong>quis</strong></span> <span class='ocrx_word' id='word_1_197' title='bbox 873 2371 1098 2457; x_wconf 66' lang='lat' dir='ltr'><strong>voluntarie,</strong></span> <span class='ocrx_word' id='word_1_198' title='bbox 1118 2384 1155 2442; x_wconf 86' lang='lat' dir='ltr'><strong>et</strong></span> <span class='ocrx_word' id='word_1_199' title='bbox 1189 2366 1304 2442; x_wconf 73' lang='lat' dir='ltr'><strong>liberie</strong></span> <span class='ocrx_word' id='word_1_200' title='bbox 1432 2383 1433 2436; x_wconf 70' lang='lat'>1</span> 
     </span>
     <span class='ocr_line' id='line_1_24' title="bbox 218 2467 1304 2568; baseline -0.001 -29"><span class='ocrx_word' id='word_1_201' title='bbox 218 2482 334 2540; x_wconf 79' lang='lat' dir='ltr'><strong>cesset</strong></span> <span class='ocrx_word' id='word_1_202' title='bbox 360 2472 380 2542; x_wconf 78' lang='lat' dir='ltr'><strong>ir</strong></span> <span class='ocrx_word' id='word_1_203' title='bbox 409 2467 597 2568; x_wconf 79' lang='lat' dir='ltr'><strong>proposito</strong></span> <span class='ocrx_word' id='word_1_204' title='bbox 618 2492 753 2566; x_wconf 82' lang='lat' dir='ltr'><strong>pravu;</strong></span> <span class='ocrx_word' id='word_1_205' title='bbox 772 2484 862 2542; x_wconf 92' lang='lat' dir='ltr'><strong>tunc</strong></span> <span class='ocrx_word' id='word_1_206' title='bbox 890 2470 990 2543; x_wconf 86' lang='lat' dir='ltr'><strong>enim</strong></span> <span class='ocrx_word' id='word_1_207' title='bbox 1006 2527 1015 2558; x_wconf 96' lang='lat'><strong>,</strong></span> <span class='ocrx_word' id='word_1_208' title='bbox 1031 2469 1064 2544; x_wconf 85' lang='lat' dir='ltr'><strong>si</strong></span> <span class='ocrx_word' id='word_1_209' title='bbox 1083 2468 1216 2544; x_wconf 79' lang='lat' dir='ltr'><strong>iteriun</strong></span> <span class='ocrx_word' id='word_1_210' title='bbox 1248 2493 1304 2539; x_wconf 93' lang='lat' dir='ltr'><strong>re-</strong></span> 
     </span>
     <span class='ocr_line' id='line_1_25' title="bbox 219 2562 1433 2654; baseline -0.002 -16"><span class='ocrx_word' id='word_1_211' title='bbox 219 2562 365 2640; x_wconf 33' lang='lat' dir='ltr'><strong>dourad</strong></span> <span class='ocrx_word' id='word_1_212' title='bbox 383 2564 517 2640; x_wconf 81' lang='lat' dir='ltr'><strong>melam</strong></span> <span class='ocrx_word' id='word_1_213' title='bbox 527 2565 759 2640; x_wconf 81' lang='lat' dir='ltr'><strong>voluntatem</strong></span> <span class='ocrx_word' id='word_1_214' title='bbox 773 2593 907 2654; x_wconf 81' lang='lat' dir='ltr'><strong>,nurus</strong></span> <span class='ocrx_word' id='word_1_215' title='bbox 921 2568 1102 2650; x_wconf 78' lang='lat' dir='ltr'><strong>aeluserit</strong></span> <span class='ocrx_word' id='word_1_216' title='bbox 1117 2566 1303 2640; x_wconf 83' lang='lat' dir='ltr'><strong>moraliter</strong></span> <span class='ocrx_word' id='word_1_217' title='bbox 1432 2591 1433 2594; x_wconf 45' lang='lat'>¹</span> 
     </span>
     <span class='ocr_line' id='line_1_26' title="bbox 218 2663 1305 2770; baseline 0 -32"><span class='ocrx_word' id='word_1_218' title='bbox 218 2663 381 2748; x_wconf 76' lang='lat' dir='ltr'><strong>diuersus</strong></span> <span class='ocrx_word' id='word_1_219' title='bbox 405 2668 424 2737; x_wconf 70' lang='lat' dir='ltr'><strong>t</strong></span> <span class='ocrx_word' id='word_1_220' title='bbox 448 2664 599 2765; x_wconf 87' lang='lat' dir='ltr'><strong>primo,</strong></span> <span class='ocrx_word' id='word_1_221' title='bbox 623 2664 710 2740; x_wconf 76' lang='lat' dir='ltr'><strong>oiim</strong></span> <span class='ocrx_word' id='word_1_222' title='bbox 738 2671 758 2740; x_wconf 71' lang='lat' dir='ltr'><strong>l</strong></span> <span class='ocrx_word' id='word_1_223' title='bbox 781 2668 902 2767; x_wconf 88' lang='lat' dir='ltr'><strong>primo</strong></span> <span class='ocrx_word' id='word_1_224' title='bbox 930 2693 1006 2744; x_wconf 89' lang='lat' dir='ltr'><strong>non</strong></span> <span class='ocrx_word' id='word_1_225' title='bbox 1031 2666 1232 2770; x_wconf 81' lang='lat' dir='ltr'><strong>procedat,</strong></span> <span class='ocrx_word' id='word_1_226' title='bbox 1269 2679 1305 2738; x_wconf 90' lang='lat' dir='ltr'><strong>et</strong></span> 
     </span>
     <span class='ocr_line' id='line_1_27' title="bbox 217 2761 1302 2937; baseline -0.002 -101"><span class='ocrx_word' id='word_1_227' title='bbox 217 2761 304 2937; x_wconf 52' lang='lat' dir='ltr'><strong>pdgb</strong></span> <span class='ocrx_word' id='word_1_228' title='bbox 320 2764 390 2840; x_wconf 89' lang='lat' dir='ltr'><strong>erit</strong></span> <span class='ocrx_word' id='word_1_229' title='bbox 406 2789 544 2838; x_wconf 81' lang='lat' dir='ltr'><strong>novum</strong></span> <span class='ocrx_word' id='word_1_230' title='bbox 561 2780 770 2867; x_wconf 63' lang='lat' dir='ltr'><strong>percnum.</strong></span> <span class='ocrx_word' id='word_1_231' title='bbox 796 2767 850 2842; x_wconf 82' lang='lat' dir='ltr'><strong>tu</strong></span> <span class='ocrx_word' id='word_1_232' title='bbox 868 2766 961 2846; x_wconf 74' lang='lat' dir='ltr'><strong>Bur.</strong></span> <span class='ocrx_word' id='word_1_233' title='bbox 978 2766 1119 2854; x_wconf 72' lang='lat' dir='ltr'><strong>Iluuc.¹</strong></span> <span class='ocrx_word' id='word_1_234' title='bbox 1139 2779 1176 2839; x_wconf 81' lang='lat' dir='ltr'><strong>et</strong></span> <span class='ocrx_word' id='word_1_235' title='bbox 1193 2763 1302 2837; x_wconf 72' lang='lat' dir='ltr'><strong>Cruir</strong></span> 
     </span>
     <span class='ocr_line' id='line_1_28' title="bbox 233 2889 437 2937; baseline -0.005 -2"><span class='ocrx_word' id='word_1_236' title='bbox 233 2918 240 2935; x_wconf 92' lang='lat'><strong>.</strong></span> <span class='ocrx_word' id='word_1_237' title='bbox 299 2889 367 2937; x_wconf 70' lang='lat' dir='ltr'><strong>mr</strong></span> <span class='ocrx_word' id='word_1_238' title='bbox 401 2889 437 2935; x_wconf 80' lang='lat' dir='ltr'><strong>o.</strong></span> 
     </span>
     <span class='ocr_line' id='line_1_29' title="bbox 177 2888 1307 3063; baseline -0.001 -29"><span class='ocrx_word' id='word_1_239' title='bbox 177 2984 211 3057; x_wconf 76' lang='lat'><strong>³9</strong></span> <span class='ocrx_word' id='word_1_240' title='bbox 267 2888 405 3042; x_wconf 72' lang='lat' dir='ltr'><strong>Utriuir</strong></span> <span class='ocrx_word' id='word_1_241' title='bbox 433 2973 554 3036; x_wconf 87' lang='lat' dir='ltr'><strong>autern</strong></span> <span class='ocrx_word' id='word_1_242' title='bbox 587 2959 729 3036; x_wconf 81' lang='lat' dir='ltr'><strong>malum</strong></span> <span class='ocrx_word' id='word_1_243' title='bbox 759 2963 990 3063; x_wconf 88' lang='lat' dir='ltr'><strong>propositum</strong></span> <span class='ocrx_word' id='word_1_244' title='bbox 1012 2962 1307 3063; x_wconf 86' lang='lat' dir='ltr'><strong>interrumpatur</strong></span> 
     </span>
     <span class='ocr_line' id='line_1_30' title="bbox 218 3060 1306 3163; baseline 0.001 -31"><span class='ocrx_word' id='word_1_245' title='bbox 218 3085 285 3161; x_wconf 89' lang='lat' dir='ltr'><strong>per</strong></span> <span class='ocrx_word' id='word_1_246' title='bbox 309 3083 525 3133; x_wconf 83' lang='lat' dir='ltr'><strong>communes</strong></span> <span class='ocrx_word' id='word_1_247' title='bbox 542 3062 851 3161; x_wconf 86' lang='lat' dir='ltr'><strong>interruptiones,</strong></span> <span class='ocrx_word' id='word_1_248' title='bbox 871 3061 913 3136; x_wconf 76' lang='lat' dir='ltr'><strong>ist</strong></span> <span class='ocrx_word' id='word_1_249' title='bbox 927 3088 993 3163; x_wconf 89' lang='lat' dir='ltr'><strong>per</strong></span> <span class='ocrx_word' id='word_1_250' title='bbox 1011 3085 1211 3146; x_wconf 79' lang='lat' dir='ltr'><strong>somnum,</strong></span> <span class='ocrx_word' id='word_1_251' title='bbox 1226 3060 1306 3133; x_wconf 80' lang='lat' dir='ltr'><strong>dis-</strong></span> 
     </span>
     <span class='ocr_line' id='line_1_31' title="bbox 218 3155 1305 3259; baseline -0.002 -28"><span class='ocrx_word' id='word_1_252' title='bbox 218 3159 458 3244; x_wconf 85' lang='lat' dir='ltr'><strong>tractionem,</strong></span> <span class='ocrx_word' id='word_1_253' title='bbox 479 3160 764 3246; x_wconf 85' lang='lat' dir='ltr'><strong>comestionem,</strong></span> <span class='ocrx_word' id='word_1_254' title='bbox 780 3174 851 3236; x_wconf 88' lang='lat' dir='ltr'><strong>etc.</strong></span> <span class='ocrx_word' id='word_1_255' title='bbox 869 3162 886 3234; x_wconf 71' lang='grc' dir='ltr'><strong><em>ἓ</em></strong></span> <span class='ocrx_word' id='word_1_256' title='bbox 901 3162 1016 3259; x_wconf 82' lang='lat' dir='ltr'><strong>Negat</strong></span> <span class='ocrx_word' id='word_1_257' title='bbox 1108 3160 1175 3232; x_wconf 86' lang='lat' dir='ltr'><strong>od.</strong></span> <span class='ocrx_word' id='word_1_258' title='bbox 1188 3160 1236 3231; x_wconf 90' lang='lat' dir='ltr'><strong>D.</strong></span> <span class='ocrx_word' id='word_1_259' title='bbox 1263 3155 1305 3231; x_wconf 82' lang='lat'><strong>16</strong></span> 
     </span>
     <span class='ocr_line' id='line_1_32' title="bbox 217 3253 1305 3355; baseline -0.001 -26"><span class='ocrx_word' id='word_1_260' title='bbox 217 3284 254 3332; x_wconf 83' lang='lat' dir='ltr'><strong>n.</strong></span> <span class='ocrx_word' id='word_1_261' title='bbox 281 3256 364 3353; x_wconf 85' lang='lat'>567.</span> <span class='ocrx_word' id='word_1_262' title='bbox 390 3269 425 3328; x_wconf 90' lang='lat' dir='ltr'><strong>et</strong></span> <span class='ocrx_word' id='word_1_263' title='bbox 443 3253 633 3330; x_wconf 70' lang='lat' dir='ltr'><strong>adherent</strong></span> <span class='ocrx_word' id='word_1_264' title='bbox 658 3260 693 3329; x_wconf 87' lang='grc' dir='ltr'><em>Τ</em></span> <span class='ocrx_word' id='word_1_265' title='bbox 688 3258 783 3332; x_wconf 81' lang='lat' dir='ltr'><strong>urob.</strong></span> <span class='ocrx_word' id='word_1_266' title='bbox 809 3259 841 3355; x_wconf 81' lang='lat'><strong>§.</strong></span> <span class='ocrx_word' id='word_1_267' title='bbox 869 3259 946 3332; x_wconf 75' lang='lat' dir='ltr'><strong>un.</strong></span> <span class='ocrx_word' id='word_1_268' title='bbox 966 3257 1013 3333; x_wconf 84' lang='lat'><strong>35</strong></span> <span class='ocrx_word' id='word_1_269' title='bbox 1030 3276 1067 3333; x_wconf 83' lang='lat' dir='ltr'><strong>et</strong></span> <span class='ocrx_word' id='word_1_270' title='bbox 1104 3256 1143 3331; x_wconf 90' lang='grc'><strong>6.</strong></span> <span class='ocrx_word' id='word_1_271' title='bbox 1163 3255 1305 3330; x_wconf 72' lang='grc' dir='ltr'><strong>0ῑίὶωί</strong></span> 
     </span>
     <span class='ocr_line' id='line_1_33' title="bbox 216 3350 1304 3459; baseline -0.004 -30"><span class='ocrx_word' id='word_1_272' title='bbox 216 3383 350 3453; x_wconf 77' lang='lat' dir='ltr'><strong>magna</strong></span> <span class='ocrx_word' id='word_1_273' title='bbox 373 3381 476 3428; x_wconf 89' lang='lat' dir='ltr'><strong>mura</strong></span> <span class='ocrx_word' id='word_1_274' title='bbox 505 3350 739 3441; x_wconf 79' lang='lat' dir='ltr'><strong>iuter&#39;cedat;</strong></span> <span class='ocrx_word' id='word_1_275' title='bbox 767 3357 833 3430; x_wconf 83' lang='lat' dir='ltr'><strong>sed</strong></span> <span class='ocrx_word' id='word_1_276' title='bbox 859 3357 936 3432; x_wconf 85' lang='lat' dir='ltr'><strong>baec</strong></span> <span class='ocrx_word' id='word_1_277' title='bbox 955 3358 1084 3459; x_wconf 90' lang='lat' dir='ltr'><strong>opinio</strong></span> <span class='ocrx_word' id='word_1_278' title='bbox 1102 3369 1157 3430; x_wconf 84' lang='lat' dir='ltr'><strong>est</strong></span> <span class='ocrx_word' id='word_1_279' title='bbox 1176 3366 1304 3430; x_wconf 85' lang='lat' dir='ltr'><strong>contra</strong></span> 
     </span>
     <span class='ocr_line' id='line_1_34' title="bbox 215 3453 1303 3553; baseline -0.005 -22"><span class='ocrx_word' id='word_1_280' title='bbox 215 3480 476 3543; x_wconf 82' lang='lat' dir='ltr'><strong>communem,</strong></span> <span class='ocrx_word' id='word_1_281' title='bbox 504 3468 540 3525; x_wconf 87' lang='lat' dir='ltr'><strong>et</strong></span> <span class='ocrx_word' id='word_1_282' title='bbox 558 3453 691 3528; x_wconf 76' lang='lat' dir='ltr'><strong>meriti)</strong></span> <span class='ocrx_word' id='word_1_283' title='bbox 711 3457 893 3553; x_wconf 72' lang='lat' dir='ltr'><strong>rejicitur,</strong></span> <span class='ocrx_word' id='word_1_284' title='bbox 920 3456 962 3537; x_wconf 78' lang='lat' dir='ltr'><strong>iat</strong></span> <span class='ocrx_word' id='word_1_285' title='bbox 986 3456 1037 3529; x_wconf 87' lang='lat' dir='ltr'><strong>ait</strong></span> <span class='ocrx_word' id='word_1_286' title='bbox 1062 3455 1171 3530; x_wconf 61' lang='lat' dir='ltr'><strong>Crurir</strong></span> <span class='ocrx_word' id='word_1_287' title='bbox 1192 3453 1251 3528; x_wconf 83' lang='lat' dir='ltr'><strong>lib.</strong></span> <span class='ocrx_word' id='word_1_288' title='bbox 1281 3453 1303 3526; x_wconf 85' lang='grc'><strong><em>5</em></strong></span> 
     </span>
     <span class='ocr_line' id='line_1_35' title="bbox 213 3550 1304 3654; baseline -0.003 -28"><span class='ocrx_word' id='word_1_289' title='bbox 213 3579 253 3626; x_wconf 82' lang='lat' dir='ltr'><strong>u.</strong></span> <span class='ocrx_word' id='word_1_290' title='bbox 289 3556 366 3653; x_wconf 79' lang='lat'><strong>178.</strong></span> <span class='ocrx_word' id='word_1_291' title='bbox 392 3555 620 3628; x_wconf 86' lang='lat' dir='ltr'><strong>Ecouverso</strong></span> <span class='ocrx_word' id='word_1_292' title='bbox 647 3553 851 3654; x_wconf 83' lang='lat' dir='ltr'><strong>probabilis</strong></span> <span class='ocrx_word' id='word_1_293' title='bbox 878 3570 932 3628; x_wconf 88' lang='lat' dir='ltr'><strong>est</strong></span> <span class='ocrx_word' id='word_1_294' title='bbox 951 3556 1130 3634; x_wconf 84' lang='lat' dir='ltr'><strong>sententia</strong></span> <span class='ocrx_word' id='word_1_295' title='bbox 1151 3550 1304 3626; x_wconf 76' lang='lat' dir='ltr'><strong>omniub</strong></span> 
     </span>
     <span class='ocr_line' id='line_1_36' title="bbox 216 3649 1305 3752; baseline -0.001 -27"><span class='ocrx_word' id='word_1_296' title='bbox 216 3653 384 3751; x_wconf 84' lang='lat' dir='ltr'><strong>opposita</strong></span> <span class='ocrx_word' id='word_1_297' title='bbox 409 3679 493 3726; x_wconf 89' lang='lat' dir='ltr'><strong>cum</strong></span> <span class='ocrx_word' id='word_1_298' title='bbox 523 3653 685 3738; x_wconf 64' lang='lat' dir='ltr'><strong>Hanno,</strong></span> <span class='ocrx_word' id='word_1_299' title='bbox 711 3654 820 3752; x_wconf 81' lang='lat' dir='ltr'><strong>Vasq.</strong></span> <span class='ocrx_word' id='word_1_300' title='bbox 843 3653 965 3751; x_wconf 69' lang='lat' dir='ltr'><strong>Nugn.</strong></span> <span class='ocrx_word' id='word_1_301' title='bbox 984 3651 1098 3726; x_wconf 80' lang='lat' dir='ltr'><strong>Dion.</strong></span> <span class='ocrx_word' id='word_1_302' title='bbox 1118 3667 1182 3726; x_wconf 83' lang='lat' dir='ltr'><strong>etc.</strong></span> <span class='ocrx_word' id='word_1_303' title='bbox 1203 3649 1305 3751; x_wconf 82' lang='lat' dir='ltr'><strong>apud</strong></span> 
     </span>
     <span class='ocr_line' id='line_1_37' title="bbox 145 3749 1304 3850; baseline -0.003 -26"><span class='ocrx_word' id='word_1_304' title='bbox 145 3753 158 3782; x_wconf 87' lang='lat'><em>⁰</em></span> <span class='ocrx_word' id='word_1_305' title='bbox 218 3751 364 3836; x_wconf 56' lang='lat' dir='ltr'><strong>mum,</strong></span> <span class='ocrx_word' id='word_1_306' title='bbox 385 3752 449 3850; x_wconf 87' lang='lat' dir='ltr'><strong>qui</strong></span> <span class='ocrx_word' id='word_1_307' title='bbox 479 3750 633 3835; x_wconf 85' lang='lat' dir='ltr'><strong>dicuat,</strong></span> <span class='ocrx_word' id='word_1_308' title='bbox 664 3766 768 3828; x_wconf 86' lang='lat' dir='ltr'><strong>actus</strong></span> <span class='ocrx_word' id='word_1_309' title='bbox 802 3754 968 3825; x_wconf 83' lang='lat' dir='ltr'><strong>internos</strong></span> <span class='ocrx_word' id='word_1_310' title='bbox 997 3749 1217 3850; x_wconf 84' lang='lat' dir='ltr'><strong>interrumpi</strong></span> <span class='ocrx_word' id='word_1_311' title='bbox 1238 3774 1304 3846; x_wconf 88' lang='lat' dir='ltr'><strong>per</strong></span> 
     </span>
     <span class='ocr_line' id='line_1_38' title="bbox 216 3845 1305 3948; baseline 0.007 -28"><span class='ocrx_word' id='word_1_312' title='bbox 216 3849 421 3948; x_wconf 80' lang='lat' dir='ltr'><strong>quamlibet</strong></span> <span class='ocrx_word' id='word_1_313' title='bbox 448 3849 750 3936; x_wconf 76' lang='lat' dir='ltr'><strong>distractionem,</strong></span> <span class='ocrx_word' id='word_1_314' title='bbox 784 3851 894 3925; x_wconf 72' lang='lat' dir='ltr'><strong>etiam</strong></span> <span class='ocrx_word' id='word_1_315' title='bbox 912 3849 1212 3925; x_wconf 83' lang='lat' dir='ltr'><strong>involuntariam.</strong></span> <span class='ocrx_word' id='word_1_316' title='bbox 1232 3845 1305 3928; x_wconf 85' lang='lat' dir='ltr'><strong>sed</strong></span> 
     </span>
     <span class='ocr_line' id='line_1_39' title="bbox 214 3947 1302 4046; baseline 0.005 -29"><span class='ocrx_word' id='word_1_317' title='bbox 214 3947 445 4046; x_wconf 74' lang='lat' dir='ltr'><strong>probabilius</strong></span> <span class='ocrx_word' id='word_1_318' title='bbox 476 3947 622 4022; x_wconf 79' lang='lat' dir='ltr'><strong>videtur</strong></span> <span class='ocrx_word' id='word_1_319' title='bbox 651 3947 853 4024; x_wconf 88' lang='lat' dir='ltr'><strong>dicendum</strong></span> <span class='ocrx_word' id='word_1_320' title='bbox 882 3976 969 4023; x_wconf 89' lang='lat' dir='ltr'><strong>cum</strong></span> <span class='ocrx_word' id='word_1_321' title='bbox 993 3948 1105 4028; x_wconf 74' lang='lat' dir='ltr'><strong>Salar.</strong></span> <span class='ocrx_word' id='word_1_322' title='bbox 1130 3947 1168 4021; x_wconf 83' lang='lat' dir='ltr'><strong>d.</strong></span> <span class='ocrx_word' id='word_1_323' title='bbox 1200 3968 1235 4020; x_wconf 83' lang='lat' dir='ltr'><strong>o.</strong></span> <span class='ocrx_word' id='word_1_324' title='bbox 1262 3971 1302 4022; x_wconf 78' lang='lat' dir='ltr'><strong>tu</strong></span> 
     </span>
    </p>
   </div>
   <div class='ocr_carea' id='block_1_3' title="bbox 213 4044 1304 4150">
    <p class='ocr_par' dir='ltr' id='par_1_3' title="bbox 213 4044 1304 4150">
     <span class='ocr_line' id='line_1_40' title="bbox 213 4044 1304 4150; baseline -0.001 -31"><span class='ocrx_word' id='word_1_325' title='bbox 213 4072 251 4119; x_wconf 78' lang='lat' dir='ltr'><strong>u.</strong></span> <span class='ocrx_word' id='word_1_326' title='bbox 276 4046 336 4121; x_wconf 77' lang='lat'><strong>38.</strong></span> <span class='ocrx_word' id='word_1_327' title='bbox 363 4047 453 4150; x_wconf 71' lang='lat' dir='ltr'><strong>Viro</strong></span> <span class='ocrx_word' id='word_1_328' title='bbox 480 4048 525 4118; x_wconf 82' lang='lat' dir='ltr'><strong>de</strong></span> <span class='ocrx_word' id='word_1_329' title='bbox 549 4045 647 4123; x_wconf 80' lang='lat' dir='ltr'><strong>Scor.</strong></span> <span class='ocrx_word' id='word_1_330' title='bbox 676 4048 779 4121; x_wconf 82' lang='lat' dir='ltr'><strong>Poeu.</strong></span> <span class='ocrx_word' id='word_1_331' title='bbox 811 4047 857 4150; x_wconf 79' lang='lat' dir='ltr'><strong>Q.</strong></span> <span class='ocrx_word' id='word_1_332' title='bbox 885 4048 907 4126; x_wconf 87' lang='grc'><strong>5</strong></span> <span class='ocrx_word' id='word_1_333' title='bbox 932 4048 1057 4126; x_wconf 64' lang='lat' dir='ltr'><strong>Auo</strong></span> <span class='ocrx_word' id='word_1_334' title='bbox 1080 4073 1120 4124; x_wconf 81' lang='lat' dir='ltr'><strong>u.</strong></span> <span class='ocrx_word' id='word_1_335' title='bbox 1134 4047 1172 4126; x_wconf 87' lang='lat'><strong>6.</strong></span> <span class='ocrx_word' id='word_1_336' title='bbox 1188 4044 1226 4119; x_wconf 81' lang='lat' dir='ltr'><strong>in</strong></span> <span class='ocrx_word' id='word_1_337' title='bbox 1229 4044 1304 4146; x_wconf 77' lang='lat' dir='ltr'><strong>fin,</strong></span> 
     </span>
    </p>
   </div>
   <div class='ocr_carea' id='block_1_4' title="bbox 0 0 1454 4675">
    <p class='ocr_par' dir='ltr' id='par_1_4' title="bbox 0 0 1454 4675">
     <span class='ocr_line' id='line_1_41' title="bbox 0 0 1454 4675; baseline 0 0"><span class='ocrx_word' id='word_1_338' title='bbox 0 0 1454 4675; x_wconf 95' lang='lat' dir='ltr'><strong> </strong></span> 
     </span>
    </p>
   </div>
  </div>
 </body>
</html>
