2900 4675
387 296 438 365 Dc
453 292 648 368 Voluntaria
662 314 695 365 et
708 285 943 368 tnvotunurtn
1144 313 1205 368 201

131 399 361 493 bonitatem,
391 409 451 482 vel
481 409 658 484 malitiam
688 408 867 482 moralem
895 409 994 483 actui
1024 405 1211 484 interno?

130 503 168 574 S.
186 502 255 578 Th.
270 505 373 580 leit.
389 533 428 607 q.
445 532 467 579 2
482 509 548 601 aq
565 508 673 581 docet
686 534 774 581 cum
789 509 924 594 Gonet‚
940 505 1155 604 Roncaglia'.
1171 519 1211 579 et

96 631 114 662 ε·
132 601 242 675 Coot.
264 604 432 700 Tauro.²
447 607 548 720 quod
568 619 673 680 actua
691 609 848 680 exterior
872 630 948 678 non
972 606 1081 678 addat
1099 604 1211 678 boni-

134 710 274 787 tatem,
298 702 356 774 vel
385 703 562 777 malitiam
589 703 766 780 moralem
798 705 1031 788 intrinsecam
1048 715 1120 790 „et
1146 727 1213 801 per

128 820 170 866 ee
210 803 308 872 actui
338 802 527 888 interiori,
564 804 629 875 sed
658 803 814 903 gaudeat
842 800 987 875 tantiun
1020 801 1210 889 bonitate,

126 891 189 964 vel
213 896 351 970 malitie
378 903 578 976 extrinseca
611 900 805 1001 desumptt
834 900 881 972 ab
908 914 992 973 actu
1013 897 1216 971 voluntatis

129 991 349 1093 imperante.
375 998 558 1072 Probatur
589 999 804 1073 auctoritate
819 999 857 1072 S.
877 997 1008 1071 Tlrom.
1030 998 1069 1068 in
1091 996 1214 1068 adist.

127 1090 188 1180 40,
199 1117 236 1191 q.
259 1120 272 1166 r
296 1096 391 1182 a.=3‚
406 1097 471 1170 ubi
485 1101 545 1171 ait.
565 1099 671 1197 Quod
682 1113 781 1176 actus
795 1093 949 1180 extortor
960 1093 1052 1166 nr'lu'l
1062 1093 1220 1191 emungit

130 1185 186 1299 qd
208 1193 389 1279 premium
408 1195 595 1268 essentiale
621 1199 915 1294 (consequenter
941 1193 988 1288 ab
1014 1191 1218 1265 bonitatem

100 1301 105 1306 “
131 1288 405 1377 intrinsecam,
433 1319 544 1392 quarn
561 1296 739 1394 ‘requitur
755 1295 962 1393 ,premium
987 1288 1216 1384 essentiale).

92 1419 97 1432 ι
130 1381 171 1453 T
165 1391 292 1458 antem
316 1390 410 1461 entire
437 1408 586 1464 meretur
601 1389 784 1490 quilebet
793 1390 985 1489 peffecwm
1011 1389 1219 1461 voluntatem

125 1481 279 1583 riquuod
297 1484 623 1583 bonumfacisndt.
647 1494 815 1588 quantum
834 1487 1024 1583 sisa'ceret
1037 1483 1136 1558 illud.
1152 1539 1211 1558 ...

131 1581 313 1654 roluntute
340 1586 519 1683 equaliter
527 1588 688 1684 perfacul
714 1604 890 1660 manante.
907 1582 1081 1684 Acljongit
1099 1598 1221 1659 tamen

128 1676 282 1776 aliquod
290 1682 471 1776 premium
488 1688 717 1759 crementata.
736 1685 777 1758 tt
790 1699 966 1782 martyreo
984 1737 994 1768 ,
1014 1682 1079 1781 qui
1096 1683 1218 1753 revera

129 1799 205 1872 pro
223 1776 369 1852 Christo
390 1783 605 1878 patiuntur,
625 1783 763 1870 hahent
779 1788 952 1881 paemium
969 1778 1194 1854 accidentale
1211 1803 1222 1868 ;

131 1897 203 1945 aen
229 1874 432 1953 laureolam
453 1883 564 1978 supra
584 1880 691 1972 illos,
713 1883 777 1980 qui
794 1879 927 1980 aequali
945 1879 1131 1952 charitatis
1148 1878 1224 1950 fer·-

129 1995 223 2074 rore
236 1990 395 2049 mortem
410 1975 646 2062 solummodo
663 1996 844 2078 appetunt
861 2005 928 2079 pro
941 1977 1100 2052 Christo.
1116 1974 1222 2060 uixi,

10 2105 12 2118 ›
133 2071 244 2168 qnod
261 2088 365 2149 actuo
379 2091 551 2150 externus
566 2104 642 2150 non
655 2078 776 2152 addat
788 2076 991 2154 bonitatem
1008 2130 1017 2158 ‚
1042 2072 1102 2146 rel
1118 2073 1224 2145 mali·

132 2171 229 2242 tiam
243 2172 421 2260 moralem
432 2174 659 2248 maturarum
674 2229 684 2260 ‚
699 2189 735 2246 et
742 2201 856 2266 perse
868 2178 978 2272 supra
993 2173 1224 2257 interiorem,

73 2346 78 2353 ,
132 2291 226 2341 nam
240 2295 307 2371 per
315 2272 486 2347 accidens
500 2272 614 2363 addit,
624 2271 1048 2374 regulariterloqueudo,
1062 2270 1227 2370 aliquam

133 2362 350 2444 bonitatem
385 2371 441 2445 rel
485 2372 662 2449 malitiam
706 2372 986 2446 accidentalem.
1028 2372 1227 2470 Propterct

132 2463 174 2540 S.
194 2462 328 2544 Thom.
342 2468 371 2543 l.
388 2497 421 2545 c.
436 2494 473 2569 q.
497 2496 542 2543 20
555 2499 587 2543 a.
606 2498 627 2542 2
646 2469 783 2546 subdit.
800 2470 887 2542 Not
898 2468 1094 2566 contumel,
1110 2469 1226 2564 rusam

136 2566 353 2640 poenatem
366 2584 558 2663 peractum
574 2570 780 2642 renuerem
789 2568 873 2661 fieri
885 2571 1075 2641 secundum
1091 2592 1132 2638 se
1147 2592 1228 2636 me·

138 2660 264 2735 lrbrem
280 2665 318 2736 in
331 2665 432 2738 bonis
448 2665 626 2762 ‚pejorem
645 2667 681 2740 in
700 2669 818 2740 malis.
830 2665 925 2739 Nam
942 2680 1044 2738 aetus
1058 2678 1227 2736 externus

140 2761 239 2929 aare
250 2790 361 2837 causa
375 2779 441 2850 eet,
453 2779 489 2857 et
503 2767 662 2852 occario,
675 2780 716 2839 ut
732 2779 834 2838 actua
848 2766 1014 2837 internus
1028 2763 1091 2833 frat
1103 2764 1227 2861 pejor,

143 2883 188 2933 re
219 2863 306 2960 quia
326 2860 622 2962 multiplicantur
652 2878 754 2936 actuo
771 2864 960 2935 interiores
978 2914 987 2947 ,
1009 2860 1127 2933 donec
1143 2883 1228 2933 exe-

143 2974 309 3057 quantur
321 2975 425 3035 actuo
435 2960 656 3047 extrinsece,
669 2960 728 3035 rel
739 2962 824 3059 quia
839 2975 941 3032 actus
953 2959 1106 3033 interior
1119 2956 1231 3030 habet

138 3062 321 3153 majorem
339 3059 587 3148 durationem,
607 3084 709 3157 quau
757 3085 803 3131 ue
819 3057 984 3156 perficiat
1000 3083 1105 3156 opus,
1126 3056 1230 3156 quod

138 3159 269 3229 atatim
290 3159 419 3258 perfici
443 3182 519 3232 non
537 3171 658 3278 Potest
673 3182 683 3248 ;
700 3085 757 3230 'aeq
784 3157 871 3257 quia
890 3158 933 3229 fit
956 3156 1136 3228 intensior
1165 3180 1231 3255 per

138 3256 450 3330 extrinsecitatem
469 3270 588 3330 actus.
606 3258 781 3331 Praeterea
802 3280 867 3354 per
891 3269 1014 3335 aetum
1040 3269 1232 3327 externum

139 3355 261 3452 magia
276 3353 498 3443 hebetantur
513 3380 642 3427 renone
660 3408 670 3441 ‚
691 3369 728 3429 et
745 3353 915 3453 potentiae
930 3353 1122 3427 exteriores
1144 3378 1232 3447 pro-

140 3452 269 3526 niores
295 3451 507 3526 redduntur
525 3453 574 3527 ad
595 3452 737 3525 malum
759 3476 769 3539 ;
801 3449 976 3525 scandala
1002 3450 1198 3550 pariuntur
1219 3474 1232 3543 ἦ

142 3550 351 3650 aliquando
366 3551 696 3625 excommunicatio
721 3552 925 3624 incurritur
943 3603 953 3637 ,
971 3547 1029 3621 vel
1049 3545 1230 3644 irregula-

139 3648 233 3723 riter
250 3706 262 3738 ‚
282 3649 338 3723 rel
352 3649 524 3749 obligatio
548 3648 901 3736 adnotationem,
920 3672 1004 3747 quae
1023 3670 1088 3745 per
1107 3659 1231 3718 actum

143 3749 360 3822 interiorem
378 3775 453 3821 non
482 3746 736 3823 incurruntur.
753 3747 882 3821 Scotua
900 3760 1022 3819 tamen
1034 3742 1163 3844 quedl.
1189 3745 1231 3816 18

145 3874 181 3921 a.
209 3847 231 3921 3
253 3859 290 3921 et
310 3846 475 3921 Scotirtte
501 3871 627 3921 omnes
646 3904 655 3936 ‚
673 3845 716 3919 iat
741 3845 852 3921 refert
867 3843 1035 3917 Mestrius
1055 3899 1065 3930 ,
1082 3842 1232 3915 nullum

147 3970 228 4021 nou
245 3959 394 4039 movent
410 3942 570 4044 lapidem
586 3997 596 4031 ,
619 3959 660 4018 ut
671 3944 781 4017 variis
796 3943 987 4021 adstruant
1002 3939 1207 4019 rationibus
1222 3999 1232 4025 ,

148 4058 274 4117 actum
293 4057 482 4117 externum
499 4041 635 4117 addere
660 4069 725 4144 per
740 4069 779 4115 se
797 4040 940 4140 aliquid
952 4039 1126 4113 bonitatis
1144 4094 1153 4124 ‚
1174 4039 1232 4111 vel

144 4141 299 4233 malitiae
313 4142 412 4219 actui
430 4140 645 4234 voluntatis,
667 4142 755 4244 quia
771 4139 884 4216 habet
898 4140 1137 4241 intrinsecam
1158 4135 1231 4213 bo·
