2900 4675
232 247 296 327 584
336 258 375 324 L.
387 254 432 325 V.
444 256 495 324 De
511 256 634 325 ratione
648 257 860 343 cognoscendi
874 272 905 325 et
921 256 1058 324 discere.
1073 254 1219 325 Peccata.

230 384 267 444 et
279 366 345 441 alii
355 394 413 467 cp.
426 369 565 442 Crct'xl.
584 394 653 442 au.
674 370 756 463 224.
774 370 888 459 Ratio,
926 368 984 441 uia
1003 366 1146 439 licitum
1161 379 1229 450 est,
1243 388 1314 465 pne

229 460 713 546 ratumadeomniuendum
728 471 845 566 majus
856 395 1236 540 mdlurninduceread
1246 462 1311 535 mi·

229 589 300 639 nus
358 566 530 661 trandum
542 595 551 637 z
563 565 719 638 Secundo
733 567 931 653 sententia‚'
943 586 1056 665 quam
1071 577 1173 636 tenet
1180 561 1308 661 Laym.

229 661 291 737 t3
335 680 398 737 ecl.
414 664 438 758 4
452 689 488 734 n.
508 663 542 738 6.
563 664 662 739 Bon.
678 679 763 736 tom.
782 690 815 736 2.
839 666 887 737 D.
899 667 960 737 ult.
979 663 1024 734 de
1036 662 1150 759 Rrec.
1166 658 1309 732 Eccles.

228 785 286 860 qu.
307 786 320 834 r
331 782 397 860 ρ]
416 788 455 835 n.
468 760 524 859 39.
540 762 660 837 Patr.
674 787 694 860 7
708 777 750 835 tr.
767 763 823 837 30.
842 763 892 835 D.
909 763 931 836 3
944 790 985 875 p.
1000 757 1247 835 SetSaltn·tr.
1264 756 1310 831 25

229 882 262 931 c.
277 878 342 932 sn.
357 858 399 933 51
414 859 523 941 ,dicit
537 855 767 935 licitumesse
777 860 929 933 alterum
944 855 1122 932 inducere
1134 854 1183 928 ad
1193 854 1315 927 ebrie·

227 961 342 1053 tatem
362 957 607 1044 materialem,
628 961 719 1033 idest
733 956 883 1060 quandb
901 956 993 1032 alter
1006 983 1044 1029 se
1062 953 1219 1028 inebriet
1231 953 1311 1026 sine

229 1054 401 1156 peccatu,
422 1071 509 1154 puta
523 1057 744 1157 apponendo
762 1056 815 1130 illi
834 1059 964 1131 sinum
976 1054 1213 1128 fortissimum
1227 1109 1238 1139 ‚
1250 1064 1314 1123 sut

228 1155 452 1229 medicatum
470 1180 480 1245 3
498 1160 584 1257 quia
607 1172 697 1230 tunc
717 1182 760 1229 ex
777 1183 851 1228 una
869 1152 1051 1256 parte'ille
1070 1178 1143 1225 non
1186 1163 1314 1235 cecat,

229 1265 324 1326 etex
339 1251 452 1326 altera
471 1252 647 1327 damnum
667 1253 850 1329 ebrietatis
878 1252 1102 1355 permittitur
1130 1179 1314 1322 advitan-

230 1347 323 1425 dum
350 1354 490 1449 gravius
517 1352 695 1427 damnum
716 1353 884 1427 aliorum.
912 1352 995 1427 Nun
1019 1363 1142 1423 autem
1163 1348 1311 1422 licitum

131 1464 154 1503 ’-
212 1470 307 1522 esse
324 1447 454 1523 dicunt
477 1474 565 1527 eum
592 1451 769 1526 inducere
790 1450 837 1525 ael
856 1450 1068 1524 ebrietatem
1091 1445 1315 1530 formalem.

227 1570 315 1620 nem
343 1545 466 1622 bcnm
477 1564 722 1650 suspensam,
735 1550 821 1624 ciem
833 1551 912 1623 hec
928 1550 976 1622 sit
989 1543 1186 1619 intrinseci
1203 1544 1315 1634 mals,

232 1672 275 1718 ac
290 1576 374 1718 idleb
393 1654 595 1748 numqutm
614 1648 869 1746 permittenda.
884 1643 1316 1762 Necobstat(irta1unt)

229 1746 322 1817 ratio
340 1744 467 1831 Lerni,
483 1773 570 1820 nam
591 1748 683 1820 banc
700 1743 1063 1845 valererespcndent,
1078 1738 1230 1841 quaudo
1243 1738 1317 1813 mi·

229 1862 301 1915 nus
325 1840 419 1916 illud
439 1844 578 1922 malurn
604 1862 659 1919 est
679 1845 864 1919 inclusum
888 1841 1175 1940 mellitissimi,
1201 1837 1318 1940 proiit

230 1940 261 2014 'si
278 1939 459 2015 volentem
474 1940 640 2017 occidere
652 1944 848 2018 inimicum
858 1937 1011 2016 inducas
1020 1936 1068 2013 ad
1077 1937 1221 2012 tantbm
1232 1961 1317 2036 per·

231 2040 446 2115 cutiendum
463 2065 472 2123 ;
488 2068 563 2114 non
579 2042 663 2116 verb
679 2040 831 2141 quandb
847 2041 986 2115 malum
1001 2051 1056 2113 est
1072 2035 1316 2206 differamur.

231 2134 350 2209 Tertia
377 2136 527 2211 dembm
556 2141 764 2227 sententia,
789 2167 903 2241 quam
936 2152 1085 2211 tuentur
1139 2156 1218 2207 orn.
1246 2150 1317 2217 t.)

225 2260 265 2334 p.
286 2234 369 2332 369.
385 2235 499 2329 infin.
513 2254 550 2309 et
566 2239 771 2310 Holzmanu
785 2256 869 2312 tom.
885 2254 910 2312 t.
923 2262 963 2333 p.
984 2236 1064 2310 155.
1083 2260 1119 2307 n.
1137 2232 1221 2331 735.
1236 2257 1317 2305 cum

230 2329 402 2407 Arsdech.
419 2333 527 2419 dicit,
547 2362 621 2409 non
640 2336 750 2410 licere
764 2334 939 2410 inducere
955 2333 1079 2408 ullum
1099 2331 1145 2405 sd
1160 2330 1317 2404 ebrieta-

199 2459 203 2468 ’
231 2443 307 2503 tem
323 2458 444 2526 neque
463 2433 653 2507 brrmalem
672 2491 682 2523 ‚
706 2460 827 2535 neque
844 2433 1096 2521 materialem,
1121 2430 1169 2503 ob
1196 2428 1318 2531 quud·

232 2547 394 2629 cumque
418 2535 558 2608 malum
577 2532 847 2629 effugiendum,
866 2535 952 2633 quia
971 2534 1040 2629 (et
1060 2533 1098 2602 in
1123 2528 1195 2601 hoe
1214 2527 1315 2602 recte

230 2625 634 2729 loquuntur)n'1alum.
654 2635 719 2705 etsi
741 2632 951 2721 materiale,
968 2643 1094 2703 contra
1112 2626 1232 2724 legem
1253 2651 1318 2699 na·

231 2725 391 2803 turslem
407 2744 462 2802 est
474 2730 554 2803 verb
569 2729 732 2820 malum,
748 2726 847 2803 unde
860 2731 1064 2829 uumqubm
1077 2726 1165 2799 licet
1183 2728 1216 2798 ei
1232 2750 1316 2798 cuo·

217 2826 367 2925 'peruri
393 2825 457 2916 His
480 2844 600 2902 temen
624 2853 699 2903 non
719 2827 975 2916 obstantibus,
999 2826 1116 2925 prima
1137 2826 1317 2897 sententia

232 2922 319 2998 setis
339 2922 540 3022 probabilis
562 2926 703 3001 videtur
719 2925 827 3008 mibi,
842 2941 879 2999 et
891 2923 969 2998 aliis
983 2925 1071 2997 viris
1086 2923 1205 2997 ductis
1221 2929 1240 2995 b
1254 2945 1314 2995 me

233 3023 438 3111 consultis,
470 3024 543 3100 sire
577 3025 731 3099 ebrietas
757 3025 803 3097 sit
835 3022 1054 3112 materialis,
1085 3020 1160 3097 sivt
1177 3021 1316 3095 sorma-

232 3116 305 3209 lis,
322 3118 369 3191 ob
386 3120 567 3202 rationem
592 3129 663 3219 jam
682 3121 851 3208 allatam,
872 3124 956 3219 quia
973 3120 1115 3194 licitum
1131 3134 1185 3192 est
1201 3119 1315 3193 indu·

173 3297 182 3324 ὶ
233 3233 318 3292 cere
333 3219 489 3294 alterum
507 3221 555 3295 ad
573 3223 693 3296 minus
712 3220 874 3311 malurn,
893 3237 934 3294 ut
957 3218 1217 3320 impediaturb
1239 3242 1316 3291 ma·

233 3318 304 3413 jori
334 3373 344 3403 ‚
374 3324 471 3415 juxta
498 3345 539 3393 ea
571 3345 654 3419 quae
685 3317 844 3393 diximus
873 3321 897 3395 l.
939 3345 960 3392 2
989 3344 1026 3392 n.
1055 3317 1114 3413 57.
1140 3317 1218 3390 Nec
1245 3313 1316 3389 ob·

233 3427 306 3488 stat
335 3415 376 3490 id
412 3417 514 3518 quod
543 3418 672 3493 dicunt
705 3421 863 3492 Salman.
893 3418 960 3516 loc.
991 3415 1047 3489 cit.
1068 3430 1196 3492 contra
1220 3414 1315 3487 Les·

234 3512 327 3586 stam
354 3571 364 3606 ‚
401 3542 488 3589 nam
522 3518 606 3590 licet
639 3517 780 3589 malum
812 3514 996 3589 ebrietatis
1029 3539 1104 3589 nun
1148 3513 1317 3587 videatur

233 3611 423 3687 inclusum
442 3621 481 3687 in
503 3613 580 3688 ullo
600 3616 696 3687 melu
713 3616 844 3715 maiori
860 3613 1039 3710 sacrilegii
1057 3668 1065 3692 .
1080 3610 1140 3686 vel
1159 3613 1316 3685 occisio·

236 3712 322 3797 nie,
351 3710 437 3786 cbm
456 3715 531 3786 sint
549 3714 644 3787 mala
666 3739 730 3813 per
746 3740 784 3787 se
811 3713 868 3786 dis
896 3727 1021 3803 arata;
1043 3726 1164 3786 tamen
1193 3714 1316 3784 reveri

234 3809 447 3884 virtualiter
472 3817 544 3911 jam
564 3812 768 3886 includitur
794 3812 832 3884 in
860 3739 927 3885 illo
943 3810 1041 3883 malo
1060 3811 1188 3908 majori
1207 3809 1318 3932 spiri·

234 3907 455 3998 tuati,ct1m
473 3931 581 3983 omne
598 3910 737 3983 malum
755 3909 945 4009 spirituale
963 3907 1148 3992 includat.
1164 3908 1241 3981 imo
1252 3932 1317 3981 ex·

238 4004 345 4078 cedet
359 4008 622 4109 quodcumque
639 4004 1101 4108 malumtemporale.adeb
1110 4022 1152 4080 ut
1160 4008 1243 4106 quis
1271 4031 1319 4082 ue

236 4111 404 4182 teneatur
418 4104 540 4210 putibs
558 4108 634 4214 pati
651 4106 915 4220 quodcumque
929 4104 1069 4184 melum
1084 4032 1287 4211 temporale
1304 4160 1316 4196 ,
