2900 4675
267 220 337 311 956,
372 221 411 289 L.
421 220 466 290 V.
479 219 531 288 De
545 219 670 288 ratione
684 181 899 308 cognoscendi
914 233 946 306 et
960 218 1098 289 discere.
1115 218 1257 299 Paduam.

266 347 394 423 ratur,
422 359 539 407 unum
559 328 789 431 sacrilegium
804 331 1011 405 committit.
1029 330 1100 405 Sed
1115 332 1232 406 verilis
1249 331 1341 406 Con·

265 430 347 506 caira
361 448 446 507 tom.
468 457 571 528 top.
590 429 656 504 531
681 452 720 501 n.
735 455 796 527 27.
818 423 1041 528 Toumelrp.
1056 455 1141 531 271.
1170 431 1258 507 cot.
1273 437 1296 524 4
1310 442 1344 501 et
1368 462 1373 471 ·

267 532 378 603 Croic
391 533 415 605 l.
426 557 458 609 c.
477 538 557 603 cum
572 527 669 605 Bou.
682 527 764 601 Dic.
780 527 866 601 Esc.
884 540 921 601 et
936 525 1017 603 aliis
1033 528 1181 618 docent,
1194 554 1282 603 eum*
1293 541 1344 602 tot

267 630 457 728 sacrilegia
485 630 741 715 committere,
771 638 861 728 quot
888 625 1135 712 absolutiones
1160 627 1344 730 impertit,

270 729 355 826 quia
371 728 526 828 singulae
552 725 802 801 absolutiones
827 741 915 800 sunt
935 726 1344 825 singultiuSacramentn

267 825 371 900 Idem
390 827 480 901 dicit
503 826 549 900 de
571 823 766 898 Sacerdote
787 823 958 928 pluribus
972 816 1247 900 Eucharistiam
1265 850 1345 898 suo·
1372 848 1374 853 ’

142 941 144 945 ’
270 924 405 1001 cessire
421 926 649 1009 ministrante
665 923 774 997 Croic
786 951 826 999 u.
850 948 914 1023 ¹7²
928 946 1006 997 cum
1027 924 1122 999 Bou.
1142 927 1255 1025 Varo.
1269 924 1346 996 Pol.

269 1040 336 1099 etc.
351 1024 436 1124 quia
454 1021 609 1123 singola
625 1024 903 1104 communiones
928 1036 1018 1097 sunt
1029 1022 1087 1098 siu
1111 1023 1173 1097 ula
1191 1023 1348 1098 couviria

271 1124 454 1224 completa
464 1136 635 1224 respectu
657 1122 1025 1200 communicantium.
1043 1049 1115 1195 Sed
1128 1120 1349 1223 probabilius

274 1222 376 1312 Υίνα,
391 1249 434 1295 uc
446 1225 526 1296 Flu.
540 1221 628 1295 Bur.
645 1220 789 1308 Diona,
800 1237 836 1293 et
846 1220 976 1315 odiar.
989 1220 1150 1295 euordem
1165 1219 1276 1293 Crete
1287 1221 1309 1293 l.
1320 1247 1348 1293 c.

271 1326 285 1417 (
299 1321 363 1420 qui
379 1321 485 1394 etiam
514 1319 561 1393 id
571 1317 763 1420 probabile
781 1322 911 1418 putat)
930 1317 1063 1394 dicunt
1077 1344 1087 1411 3
1099 1320 1139 1392 in
1151 1318 1226 1393 boc
1241 1340 1350 1392 unum

270 1435 463 1534 peccatum
483 1419 687 1509 committi,
715 1416 804 1532 ciam
828 1440 902 1492 uua
929 1420 978 1493 sit
1003 1415 1298 1533 administratio,
1317 1428 1350 1488 et

271 1516 355 1592 rded
371 1545 490 1592 uuum
502 1518 726 1593 convivium.
752 1516 850 1591 Vide
860 1514 885 1593 l.
902 1514 982 1592 6u.
1002 1517 1048 1592 35
1068 1545 1102 1587 ν.
1118 1515 1216 1589 dinc.
1238 1514 1350 1586 [lurtu

272 1632 394 1691 autem
406 1618 613 1693 ministrare
628 1616 902 1692 Eucharistiam
915 1617 955 1689 in
967 1613 1117 1691 mortali
1128 1616 1177 1691 sit
1187 1610 1348 1690 morule

270 1712 368 1790 Vide
385 1714 542 1793 dicenda
554 1716 647 1793 dieto
665 1741 701 1788 u.
720 1714 971 1791 assultatio.

594 1954 599 1959 ,
678 1912 878 1999 CAPUT
901 1911 957 1999 11.

355 2152 400 2211 DE
424 2150 584 2202 tuccetis
609 2151 646 2200 ΙΝ
670 2151 815 2213 mem,
840 2151 1024 2216 MORTALI,
1049 2150 1094 2199 ΕΤ
1117 2146 1276 2202 mmai·

695 2319 888 2398 uuamu
913 2322 944 2399 1.
1005 2302 1011 2311 ’

332 2516 450 2642 Quid
478 2518 541 2608 sid
567 2523 788 2638 peccatum
818 2518 1013 2622 mortale,
1032 2531 1088 2607 ‘et
1115 2517 1332 2623 reniatet,

278 2737 315 2891 ξι
342 2732 431 2912 &id
442 2734 572 2802 mortale
587 2782 597 2812 ,
614 2746 646 2801 et
657 2730 736 2827 quid
747 2734 864 2800 veniale
881 2736 896 2800 t

299 2844 317 2889 a

394 2824 523 2975 offici
540 2819 630 2886 modo
652 2834 814 2924 peccorum
828 2831 934 2911 potest
952 2841 1021 2887 esse
1042 2815 1201 2887 mortale?
1218 2810 1351 2886 Notabile

447 2938 463 2972 ν

464 2907 623 3006 nundum
634 2931 694 2999 pru
711 2931 770 2996 us,
787 2912 843 2998 qui
856 2906 1000 3000 deseviit
1011 2904 1163 2974 domnam
1178 2898 1349 2972 moueat
1421 2923 1422 2974 t

232 3112 295 3180 aas
325 3048 459 3182 Rasa.
491 3127 522 3177 1.
552 3100 706 3180 Mortale
734 3114 812 3191 est,
833 3099 937 3202 quod
965 3099 1013 3173 oh
1042 3098 1101 3175 sul
1128 3098 1351 3198 gravitatem,
1421 3123 1422 3162 1

278 3234 298 3270 »
327 3203 500 3298 gretiam,
519 3202 867 3274 etamicitiamcum
890 3201 970 3275 Deo
995 3198 1124 3286 seuit,
1142 3211 1352 3299 poeuamqtte

277 3333 298 3372 »
329 3316 499 3375 aeternam
514 3313 685 3374 meretur.
704 3298 849 3374 Dicitur
864 3298 1017 3372 mortale
1034 3355 1044 3389 ‚
1060 3299 1146 3399 quia
1164 3286 1351 3411 spiritualia

280 3431 300 3468 »
329 3400 407 3474 ritae
442 3399 700 3501 principium,
737 3399 890 3498 gratiam
930 3395 1071 3471 scilicet
1107 3392 1350 3470 habitualem',

280 3530 300 3570 u
328 3498 446 3587 tollit,
466 3513 503 3572 et
523 3511 676 3570 mortem
697 3501 830 3570 arrimae
848 3495 965 3571 affert
1096 3529 1100 3538 ·

330 3629 350 3667 »
379 3596 534 3672 Veniale
547 3611 616 3682 est,
633 3594 738 3696 quod
755 3595 803 3668 ob
815 3622 921 3670 suam
935 3593 1116 3669 levitatem
1134 3589 1280 3691 gratiam
1294 3640 1304 3674 .
1320 3590 1351 3698 tl
1421 3667 1422 3676 ἶ

283 3731 301 3768 u
330 3697 527 3770 amicitiam
552 3721 627 3768 non
648 3695 763 3780 tollit,
791 3696 857 3767 etsi
881 3693 1060 3768 servorem
1083 3689 1265 3768 charitatis
1287 3691 1352 3756 rs·

283 3826 305 3862 u
334 3811 424 3870 uuat
451 3850 459 3880 ‚
492 3811 528 3869 et
555 3792 797 3893 temporalem
823 3818 972 3895 poenam
996 3808 1193 3866 mereatur.
1224 3781 1352 3864 Diciwt
1421 3791 1422 3854 ἶ

285 3925 304 3959 s
338 3892 495 3978 reniale,
511 3894 597 3993 quia
614 3890 716 3965 salvo
732 3895 815 3966 vitae
830 3891 1031 3992 spiritualis
1051 3890 1253 3992 principio,
1267 3874 1352 3955 scili·

277 4021 303 4064 n
335 4007 393 4068 cet
423 3991 568 4090 gratil,
607 3991 825 4089 languorem
855 3992 986 4065 animae
1018 3989 1131 4067 toute
1162 3977 1348 4065 curabilem

279 4121 306 4172 a
335 4089 471 4192 inlert2
488 4092 710 4196 reniumque
728 4089 835 4168 facite
854 4090 1121 4192 consequitur..
1133 4189 1156 4216 x·

1286 4125 1294 4142 ·
