2900 4675
230 268 294 336 156
339 258 342 264 ’
424 269 499 337 Lib.
515 255 576 340 IV.
592 270 642 337 De
652 258 754 336 Ῥεεε.
768 253 1034 362 particularibus,
1051 280 1113 336 eto·

225 379 284 452 vel
301 380 330 453 si
347 393 454 454 testes
468 407 543 454 non
562 380 704 481 possint
724 381 772 454 ob
794 379 1116 470 senectutem,rel
1146 395 1317 478 prsper-

224 490 338 552 tstem
367 479 537 553 Judicem
574 479 693 568 adire,
729 480 768 552 iat
794 495 894 581 patet
922 504 967 552 ex
991 505 1021 552 c.
1054 476 1096 550 Si
1108 475 1171 574 qui
1207 475 1313 544 Test.

225 573 265 648 in
295 579 412 651 causis
433 576 520 652 verb
538 577 792 653 criminalibus
813 580 890 677 ipse
904 576 1024 652 tudes
1048 597 1200 649 examen
1214 569 1332 646 solet·

224 675 417 776 excipere,
434 702 477 750 ex
490 676 601 751 Aust.
620 678 676 749 De
695 676 825 749 Testib.
839 677 871 774 ἓ.
890 676 981 748 Hcec
997 674 1128 749 omnio.

273 773 390 848 Testis
421 774 701 874 interrogandus
728 787 782 848 est
807 776 853 872 de
883 800 947 847 sua
972 787 1103 861 etate,
1129 769 1316 850 nornine,

224 868 471 988 cognomine,
496 887 534 945 et
554 872 795 947 conditione:
818 871 1103 970 Interrogandus
1125 867 1217 941 inde
1240 890 1320 964 per

187 1059 189 1063 μ
223 971 398 1045 articulos
428 970 474 1045 de
499 970 594 1062 sacto
618 981 634 1059 ,'
654 985 691 1042 et
717 977 797 1050 e'us
830 969 1139 1054 circumstantiis,
1173 962 1317 1064 nempe

224 1064 271 1140 de
293 1068 373 1142 ioco
391 1084 595 1169 ,tempore
611 1124 621 1154 ,
648 1066 694 1140 de
711 1095 731 1140 a
748 1070 792 1142 iis
812 1069 984 1169 personis
1011 1064 1241 1140 adstantibus
1256 1061 1315 1136 ad

221 1163 388 1239 facturn:
416 1165 509 1239 Item
532 1166 579 1239 de
599 1167 738 1240 ratione
754 1193 829 1241 snae
854 1168 993 1240 notitiae
1011 1220 1020 1250 ,
1039 1164 1239 1265 praesertim
1264 1161 1313 1232 in

224 1283 334 1335 causa
360 1263 557 1340 criminali.
585 1265 682 1337 Vide
709 1263 880 1339 Salmous.
911 1291 945 1335 n.
964 1265 1024 1362 78.
1047 1266 1141 1337 Item
1161 1259 1314 1334 'debent

223 1360 334 1433 scribi
348 1362 456 1436 verba
468 1365 584 1450 testis,
600 1361 711 1462 proiit
722 1365 800 1460 ipse
811 1364 961 1463 profert.
980 1362 1072 1434 Item
1090 1358 1318 1445 carendum,
1379 1369 1383 1376 '

222 1483 270 1531 ne
287 1461 389 1534 testis
405 1464 495 1533 sciat
514 1460 783 1563 depositionem
800 1461 849 1534 ab
864 1462 936 1533 aiio
949 1476 1040 1534 teste
1065 1457 1212 1533 factumi
1225 1457 1312 1530 sal-

222 1574 333 1631 mant.
352 1581 447 1633 nom.
466 1561 524 1634 80.
1000 1599 1003 1606 ,
1086 1579 1089 1583 ’
1154 1621 1159 1630 .

233 1687 237 1693 ·
272 1657 373 1738 Teati
397 1656 627 1755 deprehenso
650 1655 688 1730 in
716 1656 903 1758 aliquibus
926 1657 1061 1732 falsum
1087 1654 1243 1748 dixisse,
1264 1652 1313 1725 in

224 1750 304 1825 aliis
337 1781 410 1827 non
440 1763 495 1829 est
520 1755 774 1846 'credendum3
802 1756 913 1829 Salm.
950 1783 988 1833 n.
1020 1759 1078 1829 82.
1117 1752 1314 1852 Depositis

222 1848 373 1925 demina
391 1852 500 1925 debet
514 1851 638 1926 dennis
652 1853 736 1927 ante
753 1867 881 1927 testem
894 1856 966 1953 legi
985 1911 993 1939 ,
1009 1869 1047 1926 et
1064 1852 1109 1926 ab
1126 1878 1170 1924 eo
1191 1847 1313 1924 ratifi-

223 1949 320 2033 cari,
338 1966 373 2023 et
390 1951 427 2023 in
445 1952 687 2025 ratificatione
701 1951 905 2026 notandum
922 1967 976 2026 est
994 1953 1046 2037 id,
1063 1950 1164 2050 quod
1180 1954 1201 2021 i
1216 1961 1314 2021 teste

128 2129 130 2135 λ
219 2044 395 2134 additur,
418 2049 473 2144 rei
501 2062 676 2123 mutatur.
692 2051 742 2123 Et
759 2054 796 2123 in
819 2051 890 2123 fine
905 2051 1127 2124 secretarius
1143 2046 1312 2121 scribere

222 2142 346 2217 debet:
363 2149 448 2245 Quis
463 2147 581 2219 omnio
594 2123 789 2242 affirmavit
800 2148 982 2221 verissimo
999 2175 1080 2220 esse
1085 2148 1308 2243 juramento,

220 2241 316 2341 qood
326 2243 511 2337 prasium
525 2244 594 2332 Et,
609 2250 688 2317 crim
705 2246 826 2318 omnia
842 2304 850 2329 ‚
870 2273 945 2344 quos
960 2245 1119 2344 deposuit
1134 2301 1143 2330 ‚
1163 2242 1261 2315 icero
1274 2241 1318 2315 εἰ

203 2339 429 2445 fuissentds
447 2340 546 2412 verbo
558 2343 611 2413 od
628 2341 862 2433 verbum,1'llo
878 2344 1062 2438 ronficovt't
1074 2402 1083 2429 ‚
1096 2342 1239 2437 proprii
1263 2366 1311 2413 ue

219 2464 329 2512 manu
358 2436 571 2536 subscripsit.
597 2442 647 2514 Et
674 2441 712 2514 in
744 2442 816 2513 fine
848 2442 1088 2541 depositionis
1107 2370 1310 2540 cujuslibet

219 2539 355 2629 testis,
379 2536 499 2611 iudex
523 2593 532 2625 ,
559 2538 659 2613 testis
685 2594 694 2625 ,
722 2555 760 2612 et
775 2541 1008 2614 Secretarius
1025 2543 1058 2615 ei
1076 2537 1313 2613 subscribere

219 2629 369 2731 debent.
387 2634 466 2723 Et,
497 2638 525 2709 si
550 2638 651 2709 testis
683 2637 843 2711 seribere
873 2642 1032 2730 nesciat,
1049 2640 1165 2737 signet
1180 2663 1307 2726 cruce;

217 2748 256 2807 et
274 2730 459 2837 alius‘pro
481 2736 563 2835 ipso
592 2734 824 2824 subscribat,
857 2751 894 2808 et
914 2739 1137 2810 secretarius
1165 2734 1309 2809 ibidem

144 2839 147 2843 ’
219 2830 419 2905 bocnotet.
440 2834 499 2906 Sic
517 2850 637 2907 autern
657 2835 829 2909 ratificati
841 2833 1091 2937 depositione,
1106 2832 1211 2907 nulls
1228 2860 1314 2906 am·-

217 2928 322 3098 pliirs
335 2928 506 3005 habenda
525 2947 577 3006 est
597 2932 688 3004 ratio
702 2932 749 3006 de
767 2934 831 3020 ,iis
843 2957 925 3033 quae
940 2934 1038 3006 testis
1055 2932 1161 3005 aliter
1176 2937 1307 3031 postea

245 3028 333 3112 icat,
352 3029 462 3101 sritm
477 3029 515 3101 in
531 3030 687 3103 articulo
704 3032 850 3120 mortis,
867 3030 909 3104 iit
925 3029 1055 3105 dicunt
1066 3031 1174 3104 Bold.
1186 3030 1304 3102 Festi,

219 3140 256 3199 et
274 3127 376 3201 Men.
394 3122 492 3201 Vide
513 3122 623 3200 Solm.
639 3150 674 3199 rr.
690 3129 863 3227 8301922

264 3224 296 3299 F
298 3228 513 3321 actb'autern
527 3224 589 3311 Rei
603 3226 794 3313 citatione,
807 3226 862 3299 vei
880 3226 1066 3317 oretenus,
1084 3226 1142 3301 rel
1157 3224 1307 3300 realiter

214 3346 284 3423 per
308 3324 635 3397 incarcerationem
662 3325 752 3416 Rei,
777 3324 834 3397 rel
851 3351 917 3426 per
942 3324 1105 3399 edictum
1126 3381 1136 3417 ,
1157 3328 1186 3398 si
1208 3326 1306 3399 Reus

215 3419 375 3520 fugerit,
392 3446 434 3494 ac
448 3421 512 3493 lite
529 3423 581 3495 sic
598 3426 798 3496 contestati
812 3425 826 3517 (
836 3424 937 3524 quod
955 3423 1053 3499 certe
1066 3438 1121 3496 est
1136 3446 1308 3497 necessa·

214 3523 315 3595 rium
334 3519 380 3593 ad
401 3520 594 3593 essentiam
610 3521 846 3619 processis),
863 3520 1201 3622 iterumrepetendi
1217 3534 1304 3595 sunt

214 3630 428 3719 recessum
448 3622 655 3709 iuramento
670 3675 679 3707 ,
694 3635 846 3719 excepto
862 3646 946 3693 casu
963 3647 1069 3721 „quo
1081 3619 1305 3718 procedatur

216 3718 257 3792 iu
281 3719 398 3791 Reum
415 3714 603 3791 absentem
620 3773 628 3798 ,
652 3714 692 3788 tn
709 3733 967 3793 contumacem
985 3743 995 3807 3
1021 3719 1077 3791 vei
1104 3718 1136 3791 si
1168 3732 1303 3811 testes,

245 3813 282 3886 ni
308 3811 582 3914 deposuerant,
610 3814 775 3889 defuncti
794 3819 894 3902 sint,
915 3817 973 3891 rel
986 3817 1015 3889 si
1033 3816 1152 3891 Judex
1167 3836 1302 3917 proee-

265 3925 337 3988 tex
364 3908 517 3999 Obicio,
536 3928 573 3986 et
596 3936 672 3987 non
691 3913 737 3987 ab
754 3916 964 3989 instantiam
983 3915 1107 4012 partis.
1127 3917 1180 3988 iti
1194 3940 1301 3988 com·

214 4012 379 4087 munitet·
399 4010 481 4084 DDt
508 4009 608 4107 apud
624 4009 802 4085 Satmsee
818 4040 855 4088 n.
872 4015 933 4089 85.
959 4015 1063 4087 Licet
1077 4011 1186 4086 esdr.
1200 4012 1300 4086 Suet.

213 4103 304 4191 &aa
317 4106 493 4200 antidea,
507 4110 558 4191 88
568 4110 729 4207 teneant,
742 4111 782 4189 in
794 4112 913 4189 censis
926 4110 1194 4212 Religiosorum
1204 4111 1303 4191 bano
