2900 4675
377 310 428 380 Da
443 305 639 394 Voluntaria
652 328 686 408 ει
699 309 934 414 involuntario.
1015 360 1019 369 .
1147 310 1209 380 135

115 417 258 528 ph’ceat
272 417 479 510 voluntati,
501 421 660 520 suhalia
684 437 806 498 tamen
825 427 964 496 ratione
991 419 1110 496 eidem
1122 417 1209 498 ma·

117 518 173 633 εἰσ
193 518 342 620 placet,
360 533 397 594 et
408 535 638 623 actceptator,
649 519 751 596 Talia
767 536 821 602 ast
834 521 1012 623 projectio
1029 521 1209 594 mercium

113 642 156 688 ru
176 621 273 691 mari
295 619 390 691 lacta
409 635 508 693 metu
522 619 738 717 Naufragii,
758 645 842 719 quae
869 634 1036 720 respectu
1065 643 1209 693 merea-

111 715 211 788 toris
236 731 291 791 est
308 715 554 791 involuntaria
580 720 769 790 seeundum
796 715 900 816 qur'ol;
927 732 1107 818 respectus
1122 717 1212 791 veri>

112 815 272 887 ma'oria
288 814 377 889 moli
395 814 620 889 imminentia
637 829 691 889 est
707 811 913 890 voluntaria
930 815 1158 916 simpliciter.

203 911 269 984 IV.
296 912 533 1014 Exsuperiirs
545 912 651 986 dictis
664 912 771 1013 plura
783 913 992 1012 colligimus
1009 912 1053 986 ad
1068 915 1209 1013 praxim

117 1032 150 1081 r.
179 1010 259 1102 Qui
277 1036 542 1108 summomaue
559 1011 630 1088 diei
648 1012 729 1094 serti
746 1039 783 1084 se
797 1009 1010 1110 inebriavit,
1027 1038 1102 1085 non
1119 1038 1211 1112 prae·

110 1105 271 1198 videno,
297 1134 341 1182 ax
372 1135 418 1183 eo
450 1121 659 1184 secuturam
696 1109 812 1183 Missae
843 1110 1101 1196 omissionem,
1134 1137 1210 1184 noo

109 1219 253 1304 peccat
265 1222 419 1308 propter
436 1207 541 1282 illam
562 1209 798 1282 omissionem
818 1208 1135 1305 sacri31lationem
1152 1224 1211 1280 at-

107 1301 275 1378 tulimus
285 1305 306 1402 5
322 1330 334 1377 ι
355 1331 392 1378 ιι.
411 1332 451 1380 ιο
464 1307 548 1392 ,ubi
558 1299 766 1390 statuimus,
776 1299 879 1406 quod
890 1301 1040 1379 creatos
1053 1300 1211 1407 auqueut

108 1427 191 1484 nou
219 1403 451 1504 imputetur,
465 1407 534 1478 nisi
550 1401 796 1506 praevidea'tur
814 1408 851 1475 in
870 1431 926 1495 se,
947 1405 1002 1477 vel
1020 1405 1060 1477 in
1087 1431 1209 1479 caasa.

108 1524 150 1576 2.
161 1499 205 1574 si
220 1527 348 1592 ‚cauata
364 1529 445 1602 quae
462 1495 625 1603 ponitur,
640 1505 852 1580 naturlaut
867 1499 1018 1577 inducat
1033 1504 1146 1574 talem
1159 1504 1211 1574 el-

109 1594 264 1700 lectum
284 1599 446 1702 malum,
473 1618 596 1675 tamen
612 1600 819 1678 necessario
848 1603 934 1699 poni
962 1597 1094 1692 debet3
1122 1616 1210 1674 tunc

110 1695 275 1790 effectus
293 1698 420 1773 malua
432 1752 447 1786 ,
462 1699 551 1792 licat
569 1703 762 1801 praevisus,
779 1727 857 1774 non
876 1714 997 1772 tameo
1011 1700 1151 1773 volitas
1176 1714 1215 1772 et

111 1793 306 1886 intentur,
319 1791 427 1874 nullo
441 1799 553 1872 motlo
566 1798 881 1900 estimputabilis,
899 1800 931 1870 si
943 1797 1104 1898 aliquam
1123 1825 1212 1899 prae·

10 1947 11 1950 ,
113 1891 385 1990 cautioruzmo
436 1924 519 1972 rans
549 1893 773 1970 adhibuerit.
803 1899 862 1970 Sic
901 1919 976 1968 non
1010 1893 1214 1996 imputatur

10 2001 11 2082 T
115 1992 385 2093 Chirurgopol
407 1985 504 2082 otio,
549 2023 632 2068 uam
648 1993 819 2111 praevidit
846 1985 1150 2067 sibi'sacuturam
1169 2020 1213 2068 ex

115 2103 225 2166 tactu
243 2095 450 2166 necessario
468 2022 631 2188 Mulieris
646 2121 685 2167 nr
733 2092 872 2165 artibus
898 2093 1086 2176 verendis,
1104 2091 1213 2165 dom-

114 2187 235 2263 modo
249 2216 331 2287 aum
350 2217 428 2265 non
442 2191 658 2276 intenderit,
711 2216 752 2263 ec
770 2191 973 2290 imputatur
986 2183 1149 2264 studenti
1165 2190 1215 2263 ob

116 2288 341 2393 propriam„
367 2304 403 2363 et
428 2287 586 2364 aliorum
606 2288 800 2364 utilitatem
822 2289 983 2363 materiis
1008 2292 1098 2363 sexti
1124 2293 1213 2391 'prae-
1243 2366 1246 2370 ,

118 2388 247 2487 cepti,
272 2387 303 2463 si
336 2388 414 2487 ipae
438 2384 654 2489 hujusmodi
683 2386 856 2461 ellectum
888 2412 962 2461 non
993 2386 1211 2481 intenderit,

118 2482 330 2559 dummodo
352 2484 658 2586 complacentiam
678 2486 835 2587 repellat
862 2484 901 2559 in
928 2501 1033 2573 actu,
1058 2513 1213 2587 quoae·

148 2582 253 2659 uitur
271 2583 445 2684 pollutio.
459 2578 584 2673 Ratio,
601 2585 687 2686 quia
705 2599 793 2659 tune
810 2608 885 2657 non
906 2598 1052 2658 tenetur
1065 2611 1213 2660 causam

72 2684 78 2695 “
122 2611 228 2757 illam
247 2680 398 2772 tollere,
423 2683 482 2757 vel
505 2678 579 2783 ooo
603 2708 759 2784 ponere3
780 2697 816 2757 ει
834 2683 900 2782 qui
919 2683 1035 2775 utitor
1051 2688 1131 2779 jure
1147 2710 1216 2767 suo

127 2806 201 2854 noa
221 2778 360 2855 dicitur
374 2808 482 2855 causa
500 2780 651 2856 effectius
663 2808 737 2855 nou
750 2780 896 2864 intenti,
914 2797 951 2853 et
961 2792 1027 2881 per
1042 2780 1214 2855 accidens

126 2881 269 2968 aeooti,
301 2879 377 2955 imo
401 2880 440 2952 in
462 2879 527 2953 tali
554 2906 640 2955 casu
667 2879 814 2952 videtur
835 2880 949 2976 magis
975 2879 1068 2979 pati,
1100 2885 1212 2979 qutun
1292 2953 1296 2985 ἰ

73 2996 75 3000 ’
126 2981 297 3076 ,agrum
315 2976 480 3071 fortiori,
502 3005 578 3053 non
598 2975 805 3077 imputatur
823 2976 974 3052 effectus
995 3004 1151 3077 sequens
1171 3004 1215 3052 ex

122 3103 233 3150 causa
250 3075 338 3149 aliis
352 3070 526 3164 honesta,
543 3089 581 3151 et
595 3074 716 3162 licita,
745 3074 784 3149 irt
799 3074 977 3175 pollutio,
997 3102 1079 3177 quae
1097 3078 1215 3152 oritur

70 3264 75 3271 Ι
124 3200 169 3267 ax
198 3174 458 3275 equitatione,
489 3173 548 3249 val
576 3175 659 3267 oibo
686 3190 722 3248 et
751 3188 842 3274 potu
877 3174 1093 3259 moderato;
1124 3192 1213 3253 tunc

68 3326 73 3333 -
123 3272 227 3369 purim
242 3272 393 3347 effectus
411 3286 486 3345 non
503 3275 664 3347 intentus
676 3288 731 3346 eat
742 3300 808 3373 per
823 3271 1016 3361 accidens,
1032 3289 1067 3346 at
1083 3283 1214 3347 seeun-

67 3426 72 3435 .
123 3371 220 3444 dium
243 3373 278 3445 S.
298 3370 370 3446 Th.
397 3370 423 3445 l.
441 3373 503 3446 cit.
524 3398 599 3444 non
621 3386 676 3446 est
693 3367 931 3471 impotabilis.
952 3371 986 3469 3.
1011 3374 1086 3453 Nec
1102 3373 1210 3447 facila

120 3470 380 3547 confessarius
393 3468 542 3544 credere
560 3467 671 3542 debet
685 3468 896 3568 poenitenti,
913 3472 976 3568 qui
992 3497 1030 3543 se
1048 3488 1213 3559 excusat,

153 3572 309 3663 eiarlsae
327 3622 339 3656 ,
357 3566 657 3668 blasphemlsse,
676 3569 733 3641 val
760 3565 869 3640 verba
889 3567 1059 3641 obscoena
1084 3560 1215 3666 protu-

124 3595 217 3741 lisse
252 3669 332 3741 aine
357 3668 606 3757 advertentia,
628 3681 664 3740 et
687 3664 932 3740 involuntarit
960 3673 1145 3768 tamqotm
1172 3694 1215 3743 ex

124 3762 283 3853 habitu:
315 3764 429 3856 Nam,
445 3769 474 3838 si
496 3764 663 3840 habitum
684 3765 794 3838 illurn
823 3767 1002 3867 extirpare
1032 3791 1107 3839 non
1129 3781 1215 3838 stu·

127 3864 253 3939 duerit
268 3862 391 3965 aliqua
406 3864 616 3939 adhibendo
630 3863 805 3951 remedia,
819 3878 908 3938 tunc
922 3878 978 3936 est
988 3862 1216 3937 voluntarius

123 3964 169 4036 in
195 3990 329 4051 causa,
348 3962 437 4036 dom
457 3969 622 4065 pejerat,
640 3962 874 4061 blasphemat
893 3977 963 4035 etc.
982 3977 1018 4034 et
1037 3961 1120 4035 ideo
1137 3989 1214 4036 nou

126 4077 329 4139 ,excusatur
347 4066 365 4135 ὲ
380 4060 441 4135 cul
473 4091 490 4134 a
504 4091 513 4133 ε
526 4061 631 4136 secirs
645 4061 745 4154 reri),
759 4062 802 4149 si,
817 4060 990 4134 adhibitis
1005 4059 1214 4158 diligentiis,

128 4158 400 4239 inadvertenter
415 4090 671 4265 blispltemet,
691 4161 731 4237 iu
751 4159 901 4235 obsoeua
918 4175 1157 4263 prorumpat,
1176 4176 1213 4234 ot
