2900 4675
263 304 329 384 306
411 314 484 383 Lib.
501 316 560 384 vt.
574 310 682 382 Tract'.
699 314 726 381 t.
744 312 795 381 De
809 311 1019 383 sacramentis
1035 314 1069 381 in
1085 300 1214 400 genere.

262 458 283 496 a
310 433 369 525 (et
396 425 687 526 jurisdictionem
714 425 754 498 in
786 423 1034 533 quibusdqm)
1053 423 1253 522 requiritur
1279 421 1343 496 itt·

233 534 238 546 '
260 556 282 593 u
311 528 443 613 tentio,
463 551 526 598 seu
544 524 711 598 voluntas
736 521 864 596 saltem
884 520 1073 604 virtualis,
1094 536 1132 595 et
1147 518 1342 607 absoluta,

182 618 184 621 ’
260 652 279 689 s
310 626 365 694 vet
379 625 465 695 huie
476 621 718 729 aequivalens,
734 621 894 696 faciendi
908 645 982 695 non
993 618 1137 694 tautirm
1148 635 1342 693 externum

258 753 276 788 a
310 720 414 793 illum
445 735 591 805 actum,
622 720 688 793 sed
717 722 1012 805 Sacramentum,
1037 718 1092 790 vei
1120 716 1248 793 raltdtn
1275 717 1342 807 id,

215 840 221 855 ·
257 849 276 885 a
305 819 411 916 quod
426 818 510 890 facit
526 818 693 893 Ecclesia
711 817 770 891 vel
791 815 1255 917 quodChriatuoinstituit.
1273 818 1343 889 Est

185 952 188 957 >
253 948 278 987 a>
306 917 513 990 communis
533 943 579 990 ex
601 917 692 1013 Zmil.
710 942 801 995 scm.
828 941 851 1015 7
881 943 959 990 con.
997 943 1053 988 tr.
1085 916 1188 988 Ratio
1204 916 1341 1014 prioris

251 1026 277 1083 ts
309 1015 421 1115 partis
432 1030 492 1101 est
503 1072 518 1107 „
529 1017 613 1113 quia
632 1017 865 1087 Sacramenta
883 1028 1099 1117 operantur,
1113 1038 1189 1097 non
1201 1039 1249 1113 [ex
1264 1012 1340 1086 dis·

255 1142 274 1177 s
306 1114 486 1211 positione
517 1115 696 1202 Ministri3
715 1112 779 1186 sed
806 1108 941 1186 rirtirte
966 1110 1112 1207 divinis,
1131 1110 1340 1188 secundiani

254 1240 276 1279 a
303 1213 595 1298 institutionem,
619 1211 1010 1285 emeritum-Christi.
1032 1210 1134 1305 Ratio
1156 1211 1341 1308 posterio-

252 1310 276 1379 ‘s
307 1311 379 1393 ris,
407 1311 493 1411 quia
518 1309 565 1382 ad
590 1311 858 1400 confectionem
886 1307 1111 1399 sacramenti
1135 1309 1338 1409 requiritur

254 1406 275 1478 i>
306 1404 388 1482 talis
418 1411 599 1497 intentio,
632 1434 713 1507 quae
740 1411 918 1482 actionem
947 1406 1165 1480 determinet
1193 1405 1241 1479 ad
1257 1426 1336 1479 estre

254 1535 275 1574 u
304 1506 599 1597 sacramentale,
617 1508 797 1605 tollatque
812 1501 1336 1593 indifferentiamnerborum,

253 1634 276 1674 u
305 1620 341 1678 et
359 1606 572 1694 actionum3
597 1605 680 1678 talis
706 1620 828 1678 autem
855 1629 929 1679 non
956 1618 1009 1677 est
1040 1602 1195 1676 intentio
1225 1602 1338 1701 solius

252 1733 275 1772 u
304 1705 457 1779 actionis
474 1720 633 1784 exteruae
650 1729 763 1806 ,quae
786 1703 834 1801 ad
849 1702 939 1777 alios
956 1702 1072 1792 fines,
1089 1727 1122 1772 r.
1140 1726 1190 1799 gr.
1210 1702 1339 1794 adiu·

252 1829 273 1867 s
303 1801 392 1874 dum
410 1818 527 1899 potest
541 1802 680 1877 referri.
700 1837 718 1869 ο

215 1911 245 1980 tt
301 1902 488 1993 Quaeritur
506 1904 535 1975 l.
554 1904 610 1974 An
629 1903 666 1974 iu
696 1902 864 1977 Ministro
893 1901 1213 1973 Sacramentorum
1238 1905 1335 1999 pite·

254 2009 310 2093 ter
322 2001 581 2088 intentionem,
598 2001 807 2101 requiratur
822 2002 930 2073 etiim
958 1996 1111 2071 attentio
1126 2010 1205 2082 ‚nt
1216 1995 1336 2095 valide

252 2105 294 2168 'ea
314 2098 477 2171 conferat
494 2097 509 2171 ἲ
527 2097 691 2171 Affirmat
713 2099 770 2171 Ln
795 2097 907 2171 Crocia·
929 2099 952 2169 l.
968 2097 994 2170 6
1002 2122 1039 2192 p.
1068 2124 1078 2169 r
1102 2120 1139 2168 tt.
1154 2098 1215 2188 84.
1234 2093 1337 2169 Aliis

248 2198 267 2287 ,(
278 2195 321 2268 it
341 2198 407 2288 ait)
424 2196 844 2278 confectio'Sacramenti
861 2197 936 2268 non¹
952 2207 1048 2267 esset
1063 2194 1157 2267 actio
1172 2196 1337 2268 humana

251 2291 417 2366 humano
435 2294 547 2368 modo
569 2284 745 2369 adhibita.
773 2297 828 2369 Ex
845 2321 919 2397 qna
933 2293 1132 2392 opinione,
1152 2286 1337 2396 sinrobttss

251 2390 337 2463 hilis
366 2408 483 2474 esset.
511 2394 705 2466 inferretur
724 2395 874 2493 utique,
896 2390 995 2493 quod
1015 2381 1335 2470 Minister'rolun·

248 2490 343 2563 aaut
358 2516 398 2564 se
409 2491 637 2581 'distrahens‚
656 2511 731 2576 non
749 2492 933 2568 cottferret
949 2491 1247 2581 Sacramentum
1265 2489 1335 2564 sed

251 2589 323 2663 hoe
340 2616 413 2686 uon
433 2590 577 2688 videtur
593 2617 699 2690 posse
727 2590 948 2678 subsistere,
973 2603 1008 2659 et
1023 2587 1109 2664 ideit
1123 2590 1202 2688 ipse
1223 2587 1333 2660 Cmri'c

245 2707 285 2760 rr.
305 2689 351 2761 85
380 2689 537 2777 fatetur,
561 2693 622 2762 'viu
645 2690 722 2760 fieri
751 2695 937 2788 posoe,'-ut
964 2695 1032 2785 per
1051 2686 1333 2776 ,distractionem

121 2861 123 2870 ,
246 2781 525 2878 Sacramentum
544 2787 787 2878 invalidetur,
806 2789 892 2885 quia
910 2810 1056 2885 semper
1070 2798 1261 2883 permanet
1274 2798 1335 2857 at·

243 2887 366 2973 ,tentio
386 2887 574 2975 virtualis,
596 2889 665 2959 nisi
686 2885 873 2959 distractio
890 2886 936 2958 sit
954 2883 1086 2956 totalis.
1116 2882 1205 2956 llaec
1220 2880 1333 2980 igitur

250 2983 375 3079 opinio
390 2983 544 3056 'minime
561 2984 764 3084 probabilis
791 2984 881 3057 milri
899 2983 1064 3066 videtur,
1086 3005 1250 3054 neceam
1271 2984 1334 3053 in·

242 3084 333 3162 ,reni
356 3079 402 3153 ab
420 3083 492 3158 aiio
506 3086 665 3157 Auctore
685 3083 857 3156 traditam
875 3109 883 3162 ς
906 3106 1033 3154 omnes
1049 3080 1150 3152 enirn
1169 3078 1330 3171 dieunt,

249 3176 293 3249 ad
311 3173 470 3251 valorem
485 3180 731 3264 sacramenti,
753 3199 887 3279 praeter
895 3177 1087 3256 materiam
1104 3192 1139 3249 et
1153 3176 1333 3268 sormam,

246 3274 342 3349 nihil
364 3275 466 3372 aliud
495 3281 631 3379 requiri
662 3283 774 3382 quant
804 3261 1259 3360 inientt'onemeirtistri,
1283 3275 1334 3350 -itt

246 3371 439 3450 delinitum
469 3375 545 3448 fuir
558 3382 588 3450 'a‘
609 3378 785 3451 Conciiiio
810 3435 821 3463 ‚
852 3377 964 3478 proiit
994 3374 1092 3451 infit
1130 3375 1328 3450 celeremue

242 3491 280 3547 rr.
303 3474 359 3546 23.
380 3473 458 3546 Nec
479 3474 593 3551 officit
610 3477 758 3562 dicere,
785 3499 865 3550 non
892 3499 983 3548 esse·
999 3474 1183 3547 actionem
1199 3472 1331 3546 hunta-

242 3598 329 3644 nam
346 3570 464 3648 illam.
481 3598 564 3673 quae
585 3575 625 3647 fit
641 3578 720 3648 siue
736 3567 958 3668 attentione3
973 3565 1058 3647 nain
1077 3569 1166 3645 licet
1180 3629 1189 3657 ,
1203 3586 1243 3643 ut
1262 3571 1332 3645 lto·

240 3696 303 3744 mo
321 3670 485 3746 humano
503 3672 654 3764 modoo
683 3677 824 3764 eretur,
840 3673 1069 3774 requiratur,
1089 3684 1131 3742 ut
1148 3671 1327 3748 adfinem

239 3773 384 3868 operis,
408 3768 511 3868 quod
542 3703 701 3872 intendit
725 3771 873 3862 facere,
897 3771 1085 3858 attendat3
1104 3781 1323 3843 nontamen

211 3905 218 3915 ·
237 3869 458 3966 requiritur,
479 3867 636 3955 i1t‚cum
656 3898 750 3972 opus
763 3871 972 3970 exequitur,
988 3868 1182 3945 actualiter
1199 3881 1329 3940 atten-

238 3967 312 4038 dat.
339 3967 388 4062 st,
403 3980 524 4040 autem
552 3967 758 4043 necessario
779 3969 859 4043 ltaec
879 3971 1033 4043 attentio
1046 3964 1328 4065 requireretur,

197 4115 202 4136 t
235 4085 305 4136 nec
319 4066 426 4137 etiem
444 4083 713 4162 consequenter
736 4068 923 4144 ettfficardt
935 4070 950 4160 ί
963 4067 1094 4148 utnon
1111 4064 1329 4162 reetdr'sflpt·

231 4163 348 4262 ponit
366 4164 497 4265 Crot'c)
512 4169 665 4246 attentio
693 4167 870 4256 virtualis
894 4165 990 4272 iiam
1023 4161 1241 4266 jurttetou
1258 4161 1332 4258 itt

466 4301 473 4322 a
657 4303 659 4306 ·
1021 4273 1032 4320 l
1077 4305 1109 4328 ..ι
1163 4279 1170 4300 '
