2900 4675
297 382 299 385 ’
359 352 925 447 'cap.1.nuu.1.·ussapttsm0.
958 367 965 374 ·
1141 354 1204 426 4οὸ

127 459 241 559 possit
252 459 289 535 in
303 463 378 536 tim
392 464 491 562 gravi
507 465 686 539 incisione
701 493 711 551 3
731 465 876 539 videant
888 464 1009 567 periti.
1024 464 1092 538 Res
1120 480 1207 538 ectu

128 557 211 634 γετὸ
230 563 377 650 matris,
392 588 438 635 au
458 562 535 663 ipsa
550 578 717 638 teneatur
735 564 952 638 incisionem
997 562 1074 638 ati?
1092 492 1205 654 Βίου,

127 656 241 755 quod,
259 661 287 732 si
304 659 511 760 periculum
528 665 607 762 ejus
620 665 747 736 mortis
761 664 807 737 sit
817 591 1029 761 probabiie,
1045 663 1123 762 ipsa
1137 686 1206 738 nec
1290 749 1293 758 Χ

126 767 306 858 teneatur,
323 783 390 832 nec
404 761 517 857 possit
528 786 595 836 suo
612 762 766 859 positivo
781 776 959 836 consensu
979 760 1026 834 ad
1043 759 1208 842 iucissioe

125 879 480 947 nem··concurrere;
495 858 639 931 tautum
667 875 811 960 posset,
833 875 870 933 et
892 873 1080 932 teneretur
1104 858 1208 934 iliam

126 954 229 1050 pati,
247 956 276 1026 si
296 955 433 1028 Chirur
459 983 501 1028 us
526 957 605 1029 sine
628 961 708 1051 cius
727 983 906 1031 consensu
925 957 1029 1056 (ipsd
1054 954 1207 1046 umuiud

122 1050 289 1147 negative
319 1079 357 1126 se
385 982 560 1150 ludente)
589 1055 768 1129 inuideret
792 1112 801 1140 .
827 1059 864 1129 et
892 1081 974 1154 spes
1007 1052 1207 1154 probabilis

126 1147 267 1222 adesset
297 1150 440 1251 prolem
473 1150 551 1225 sore
583 1153 628 1226 ha
659 1154 838 1228 tizandarn
855 1210 865 1242 ,
885 1178 928 1226 ac
954 1178 1057 1226 murs.
1084 1153 1209 1225 matris

124 1272 199 1319 nun
217 1263 310 1321 esset
328 1264 446 1335 certa,
463 1179 734 1334 namindiubiu
751 1254 937 1348 utrimque
959 1247 1143 1349 probabili
1157 1266 1210 1322 te-

126 1357 235 1420 netur
253 1348 332 1446 ipsa
348 1350 460 1421 vitam
479 1349 706 1448 spiritualem
730 1349 843 1450 prolis
866 1350 947 1423 vitae
969 1373 1045 1424 suae
1064 1364 1209 1447 tempos

125 1443 194 1517 ruli
211 1445 390 1544 praeferre.
412 1448 450 1521 si
475 1463 598 1521 autem
623 1474 687 1522 sua
705 1474 805 1526 mors
833 1451 890 1526 sit,
903 1464 1026 1530 certa,
1048 1460 1085 1519 et
1109 1447 1208 1528 salus

128 1542 241 1637 prolis
255 1540 388 1629 dubia,
403 1544 536 1645 nempe
546 1549 575 1619 si
587 1545 710 1646 proles
725 1548 856 1621 nonsit
866 1544 963 1619 certis
979 1543 1173 1644 baptizand
1197 1598 1207 1626 ‚

124 1664 201 1712 nou
224 1657 368 1715 tenetur
389 1645 468 1758 ipsa
499 1645 609 1716 vitam
636 1645 734 1717 certe
755 1647 931 1717 amittere.
948 1642 1066 1718 valde
1085 1573 1209 1722 aaroni

126 1737 317 1836 probabile
335 1755 390 1814 est
406 1740 446 1815 rd
466 1740 587 1842 quod,
605 1743 735 1816 dicunt
756 1740 857 1816 Sucr.
880 1769 936 1840 qu.
950 1742 1000 1815 68
1017 1757 1084 1816 art.
1111 1766 1149 1814 rr
1175 1758 1212 1814 et
1281 1787 1283 1800 ·

124 1836 287 1936 Benziq.
301 1839 413 1913 chm
428 1839 554 1939 Lcyrrr.
572 1842 648 1914 Con
664 1839 746 1912 Fill.
761 1856 797 1911 et
809 1838 924 1932 Proep.
945 1837 1078 1939 nempe
1092 1837 1207 1936 quod,

127 1932 157 2016 si
177 1951 293 2008 mater
308 1937 457 2032 gravida
473 1939 521 2011 sit
540 1962 605 2034 per
624 1942 840 2013 sententiam
862 1936 909 2012 ad
929 1951 1084 2015 mortem
1101 1936 1211 2010 dam·

125 2050 233 2123 nata,
250 2036 795 2135 quamvisex.LJrcgnuntem.
815 2035 862 2110 D.
881 2037 923 2107 de
936 2033 1057 2106 Frenis
1076 2034 1209 2112 debent

125 2135 306 2231 expectari
327 2148 471 2235 tempus
488 2134 672 2235 puerperii
684 2193 693 2224 ,
706 2150 848 2217 tamen,
860 2133 892 2207 si
901 2148 1071 2205 censetur
1087 2133 1207 2212 infans

124 2230 491 2316 certe'decessurus.
524 2237 739 2333 priusquam
768 2232 952 2334 perveniat
984 2228 1031 2302 sd
1066 2230 1206 2317 iucem,
1256 2315 1259 2320 ¹

124 2326 224 2418 licite
241 2331 354 2430 possit
371 2331 485 2407 secari
502 2347 627 2405 venter
646 2333 790 2422 matur,
810 2329 1046 2429 anticipando
1066 2358 1136 2429 sup
1165 2329 1209 2404 li·

125 2426 243 2519 cium,
258 2432 344 2528 quia
361 2431 449 2503 alias
461 2429 606 2508 dilatio.
617 2457 701 2530 quae
718 2431 828 2505 datur
845 2428 892 2504 ob
908 2428 1048 2503 bortum
1066 2359 1182 2529 proiis
1197 2486 1213 2535 ,Ι

124 2543 215 2601 tunc
234 2529 381 2601 cederet
397 2531 434 2601 iu
457 2530 571 2627 ipsius
588 2529 865 2604 detrimentum.

171 2626 244 2699 Hic
259 2653 377 2723 operae
394 2630 550 2720 pretium
563 2627 653 2702 duxi
672 2641 847 2701 annotare
860 2625 968 2726 plura
983 2648 1067 2725 quae
1080 2625 1209 2700 scribit

123 2725 337 2796 Frunrircus
348 2725 565 2799 Emmanuel
579 2724 797 2822 Congrumr'la
816 2723 855 2795 rie
875 2749 942 2795 sua
961 2722 1207 2821 Embrrologio
1256 2774 1259 2781 »

124 2846 241 2894 sacra.
257 2822 313 2895 Ibi
327 2819 417 2894 dicit
429 2823 457 2896 1.
475 2824 497 2894 Ι.
514 2849 536 2895 2
554 2850 584 2895 c.
611 2824 652 2896 15
670 2848 705 2893 n.
727 2848 832 2899 tcum
851 2823 1020 2903 Possem,
1040 2819 1128 2893 Got.
1141 2838 1204 2895 etc.

125 2920 279 3015 graviter
308 2944 459 3017 peccare
483 2935 653 3018 parentes
673 2921 740 3090 (pai
770 2917 960 3034 negligunt
988 2917 1208 3005 incisionem

125 3017 227 3105 fieri,
245 3033 280 3091 et
293 3018 407 3093 Chiro
453 3020 661 3119 (isquinam
693 3043 797 3101 acere
813 3031 1007 3106 omittunt,
1026 3017 1207 3093 autdiffe·

122 3045 1209 3217 runtddditqueid’arochumteneriadoruuindcurandum⁴

121 3240 171 3290 ne
190 3232 305 3291 mater
323 3213 538 3316 sepeliatur,
559 3231 642 3288 ante
673 3220 758 3287 uam
787 3215 849 3288 fiat
866 3214 1017 3287 incisio:
1039 3214 1208 3313 alioquin

122 3329 227 3412 putat
243 3317 364 3414 ipsum
381 3340 457 3387 uon
468 3315 631 3387 excusari
645 3241 690 3386 d>
704 3311 982 3410 irregularitate,
994 3311 1080 3384 cium
1093 3314 1206 3386 Paro-

124 3411 217 3483 chus
235 3424 402 3488 teneatur
417 3438 461 3486 ex
478 3411 600 3489 officio
621 3426 777 3486 mortem
793 3411 990 3485 infantium
1013 3409 1206 3508 impedire.

124 3510 196 3583 Sed
216 3510 302 3582 huic
323 3535 396 3584 nou
418 3512 627 3610 acquiesco,
647 3510 822 3610 quoniam
842 3535 885 3582 eo
904 3534 1007 3598 casu,
1033 3507 1118 3581 cum
1137 3510 1207 3581 rita

123 3608 275 3699 infantis
294 3634 366 3682 nou
382 3610 429 3681 sit
443 3624 553 3697 certa,
571 3635 639 3684 nec
653 3623 751 3683 certa
765 3608 917 3707 quidem
931 3612 1009 3702 ejus
1026 3621 1081 3678 est
1094 3631 1206 3694 mors,

123 3710 227 3806 juxtd
242 3705 398 3778 dicenda
412 3707 435 3779 Ι.
449 3731 469 3805 7
483 3734 520 3783 n.
533 3707 738 3807 347dub.4.
752 3707 844 3779 Item
856 3704 1002 3777 addite.
1022 3704 1076 3777 16.
1093 3705 1211 3802 quod,
1262 3772 1267 3779 .

64 3835 71 3849 ’
123 3805 154 3878 si
174 3806 356 3877 iuvenitur
374 3803 487 3892 atius,
515 3809 581 3879 etsi
613 3831 687 3878 non
706 3805 930 3901 Chirurgus,
955 3801 1019 3901 qui
1040 3802 1211 3875 animum
1302 3849 1309 3867 r

123 3901 237 3976 habet
251 3902 297 3974 ad
312 3902 529 3976 incisionem
547 3903 831 4002 perficiendam,
853 3899 917 3975 ille
937 3915 1103 3973 teneatur
1127 3926 1210 3975 eam

123 4000 477 4078 ediscereDicitIIJ.
490 4003 554 4093 dc.
570 4003 643 4077 612.
663 4028 682 4074 2
698 4000 912 4100 quodcum
930 3998 1048 4075 inicus
1066 4016 1212 4073 nonest

121 4100 277 4174 omniud
291 4128 455 4198 egressus
469 4096 515 4172 ab
526 4117 644 4181 utero.
654 4102 840 4197 Baptisma
857 4123 932 4179 non
946 4098 992 4169 sit
1004 4096 1211 4171 ministran-

122 4198 218 4274 dtim
231 4205 252 4273 d
265 4200 433 4276 Parucho
446 4256 458 4288 ,
471 4197 539 4273 sed
553 4198 598 4272 ab
622 4196 829 4275 obstetrice.
851 4197 950 4272 Dicit
968 4194 1029 4271 111.
1050 4195 1212 4295 maximio
