<?xml version="1.0" encoding="UTF-8"?>
<!DOCTYPE html PUBLIC "-//W3C//DTD XHTML 1.0 Transitional//EN"
    "http://www.w3.org/TR/xhtml1/DTD/xhtml1-transitional.dtd">
<html xmlns="http://www.w3.org/1999/xhtml" xml:lang="en" lang="en">
 <head>
  <title>
</title>
<meta http-equiv="Content-Type" content="text/html;charset=utf-8" />
  <meta name='ocr-system' content='tesseract 3.04.00' />
  <meta name='ocr-capabilities' content='ocr_page ocr_carea ocr_par ocr_line ocrx_word'/>
</head>
<body>
  <div class='ocr_page' id='page_1' title='image "./theologiamorali06ligugoog_0272.png"; bbox 0 0 2900 4675; ppageno 0'>
   <div class='ocr_carea' id='block_1_1' title="bbox 254 254 1257 349">
    <p class='ocr_par' dir='ltr' id='par_1_1' title="bbox 254 254 1257 349">
     <span class='ocr_line' id='line_1_1' title="bbox 254 254 1257 349; baseline -0.006 -16"><span class='ocrx_word' id='word_1_1' title='bbox 254 265 322 333; x_wconf 76' lang='lat'>264</span> <span class='ocrx_word' id='word_1_2' title='bbox 363 265 402 332; x_wconf 85' lang='lat' dir='ltr'>L.</span> <span class='ocrx_word' id='word_1_3' title='bbox 414 254 459 334; x_wconf 78' lang='lat' dir='ltr'>V.</span> <span class='ocrx_word' id='word_1_4' title='bbox 473 263 525 331; x_wconf 84' lang='lat' dir='ltr'>De</span> <span class='ocrx_word' id='word_1_5' title='bbox 539 264 664 330; x_wconf 82' lang='lat' dir='ltr'>ratione</span> <span class='ocrx_word' id='word_1_6' title='bbox 681 258 901 349; x_wconf 79' lang='lat' dir='ltr'>cognoscendi</span> <span class='ocrx_word' id='word_1_7' title='bbox 910 276 942 327; x_wconf 82' lang='lat' dir='ltr'>et</span> <span class='ocrx_word' id='word_1_8' title='bbox 956 260 1095 329; x_wconf 69' lang='lat' dir='ltr'>(liccem.</span> <span class='ocrx_word' id='word_1_9' title='bbox 1112 258 1257 329; x_wconf 84' lang='lat' dir='ltr'>Peccata.</span> 
     </span>
    </p>
   </div>
   <div class='ocr_carea' id='block_1_2' title="bbox 130 374 1361 4227">
    <p class='ocr_par' dir='ltr' id='par_1_2' title="bbox 245 374 1347 475">
     <span class='ocr_line' id='line_1_2' title="bbox 245 374 1347 475; baseline -0.001 -29"><span class='ocrx_word' id='word_1_10' title='bbox 245 400 281 446; x_wconf 75' lang='lat' dir='ltr'>&#39;a</span> <span class='ocrx_word' id='word_1_11' title='bbox 307 376 426 450; x_wconf 90' lang='lat' dir='ltr'>riculo</span> <span class='ocrx_word' id='word_1_12' title='bbox 442 402 480 448; x_wconf 83' lang='lat' dir='ltr'>se</span> <span class='ocrx_word' id='word_1_13' title='bbox 506 374 665 475; x_wconf 80' lang='lat' dir='ltr'>objecit,</span> <span class='ocrx_word' id='word_1_14' title='bbox 683 378 771 474; x_wconf 84' lang='lat' dir='ltr'>qnia</span> <span class='ocrx_word' id='word_1_15' title='bbox 786 374 916 448; x_wconf 89' lang='lat' dir='ltr'>eodem</span> <span class='ocrx_word' id='word_1_16' title='bbox 940 398 1071 471; x_wconf 79' lang='lat' dir='ltr'>genere</span> <span class='ocrx_word' id='word_1_17' title='bbox 1092 375 1235 474; x_wconf 84' lang='lat' dir='ltr'>peccati</span> <span class='ocrx_word' id='word_1_18' title='bbox 1253 397 1347 472; x_wconf 82' lang='lat' dir='ltr'>poc-</span> 
     </span>
    </p>

    <p class='ocr_par' dir='ltr' id='par_1_3' title="bbox 255 468 1349 588">
     <span class='ocr_line' id='line_1_3' title="bbox 255 468 1349 588; baseline -0.001 -42"><span class='ocrx_word' id='word_1_19' title='bbox 255 504 278 546; x_wconf 77' lang='lat' dir='ltr'>a</span> <span class='ocrx_word' id='word_1_20' title='bbox 307 480 412 549; x_wconf 83' lang='lat' dir='ltr'>cavit.</span> <span class='ocrx_word' id='word_1_21' title='bbox 429 475 641 547; x_wconf 81' lang='lat' dir='ltr'>Proximum</span> <span class='ocrx_word' id='word_1_22' title='bbox 661 486 784 546; x_wconf 85' lang='lat' dir='ltr'>autem</span> <span class='ocrx_word' id='word_1_23' title='bbox 799 474 1009 588; x_wconf 84' lang='lat' dir='ltr'>periculum</span> <span class='ocrx_word' id='word_1_24' title='bbox 1030 491 1220 564; x_wconf 74' lang='lat' dir='ltr'>censetur,</span> <span class='ocrx_word' id='word_1_25' title='bbox 1243 468 1349 572; x_wconf 88' lang='lat' dir='ltr'>qnod</span> 
     </span>
    </p>

    <p class='ocr_par' dir='ltr' id='par_1_4' title="bbox 254 569 1350 745">
     <span class='ocr_line' id='line_1_4' title="bbox 254 569 1350 673; baseline -0.001 -28"><span class='ocrx_word' id='word_1_26' title='bbox 254 604 276 645; x_wconf 66' lang='lat' dir='ltr'>a</span> <span class='ocrx_word' id='word_1_27' title='bbox 307 574 360 647; x_wconf 87' lang='lat' dir='ltr'>sre</span> <span class='ocrx_word' id='word_1_28' title='bbox 390 588 521 646; x_wconf 87' lang='lat' dir='ltr'>uenter</span> <span class='ocrx_word' id='word_1_29' title='bbox 541 569 710 645; x_wconf 89' lang='lat' dir='ltr'>hommes</span> <span class='ocrx_word' id='word_1_30' title='bbox 731 569 863 646; x_wconf 77' lang='lat' dir='ltr'>similis</span> <span class='ocrx_word' id='word_1_31' title='bbox 883 572 1114 647; x_wconf 44' lang='lat' dir='ltr'>wconditionis</span> <span class='ocrx_word' id='word_1_32' title='bbox 1141 574 1180 645; x_wconf 92' lang='lat' dir='ltr'>in</span> <span class='ocrx_word' id='word_1_33' title='bbox 1209 595 1350 673; x_wconf 81' lang='lat' dir='ltr'>pecca-</span> 
     </span>
     <span class='ocr_line' id='line_1_5' title="bbox 255 601 767 745; baseline 0.004 -3"><span class='ocrx_word' id='word_1_34' title='bbox 255 698 278 742; x_wconf 63' lang='grc' dir='ltr'>ι)</span> <span class='ocrx_word' id='word_1_35' title='bbox 307 601 394 745; x_wconf 51' lang='lat' dir='ltr'>tor}</span> <span class='ocrx_word' id='word_1_36' title='bbox 404 670 558 745; x_wconf 78' lang='lat' dir='ltr'>mortale</span> <span class='ocrx_word' id='word_1_37' title='bbox 573 670 725 745; x_wconf 81' lang='lat' dir='ltr'>inducit.</span> <span class='ocrx_word' id='word_1_38' title='bbox 747 700 767 738; x_wconf 81' lang='lat' dir='ltr'>o</span> 
     </span>
    </p>

    <p class='ocr_par' dir='ltr' id='par_1_5' title="bbox 306 768 1353 871">
     <span class='ocr_line' id='line_1_6' title="bbox 306 768 1353 871; baseline -0.001 -28"><span class='ocrx_word' id='word_1_39' title='bbox 306 772 497 863; x_wconf 86' lang='lat' dir='ltr'>Quaeritor</span> <span class='ocrx_word' id='word_1_40' title='bbox 520 769 606 859; x_wconf 86' lang='lat' dir='ltr'>bic,</span> <span class='ocrx_word' id='word_1_41' title='bbox 623 797 670 842; x_wconf 90' lang='lat' dir='ltr'>an</span> <span class='ocrx_word' id='word_1_42' title='bbox 697 782 827 871; x_wconf 84' lang='lat' dir='ltr'>peccet</span> <span class='ocrx_word' id='word_1_43' title='bbox 843 768 1074 855; x_wconf 76' lang='lat' dir='ltr'>mortaliter,</span> <span class='ocrx_word' id='word_1_44' title='bbox 1096 771 1163 870; x_wconf 91' lang='lat' dir='ltr'>qoi</span> <span class='ocrx_word' id='word_1_45' title='bbox 1175 794 1213 843; x_wconf 83' lang='lat' dir='ltr'>oe</span> <span class='ocrx_word' id='word_1_46' title='bbox 1232 794 1353 869; x_wconf 79' lang='lat' dir='ltr'>expo-</span> 
     </span>
    </p>

    <p class='ocr_par' dir='ltr' id='par_1_6' title="bbox 255 865 1356 970">
     <span class='ocr_line' id='line_1_7' title="bbox 255 865 1356 970; baseline -0.004 -28"><span class='ocrx_word' id='word_1_47' title='bbox 255 867 314 942; x_wconf 82' lang='lat' dir='ltr'>nit</span> <span class='ocrx_word' id='word_1_48' title='bbox 334 868 498 968; x_wconf 86' lang='lat' dir='ltr'>periculo</span> <span class='ocrx_word' id='word_1_49' title='bbox 521 866 666 941; x_wconf 82' lang='lat' dir='ltr'>tantbm</span> <span class='ocrx_word' id='word_1_50' title='bbox 697 866 881 968; x_wconf 80' lang='lat' dir='ltr'><strong>probabili</strong></span> <span class='ocrx_word' id='word_1_51' title='bbox 908 868 1115 944; x_wconf 71' lang='lat' dir='ltr'>mortaliter</span> <span class='ocrx_word' id='word_1_52' title='bbox 1139 865 1356 970; x_wconf 81' lang='lat' dir='ltr'>peccandi?</span> 
     </span>
    </p>

    <p class='ocr_par' dir='ltr' id='par_1_7' title="bbox 256 964 1351 1066">
     <span class='ocr_line' id='line_1_8' title="bbox 256 964 1351 1066; baseline -0.002 -28"><span class='ocrx_word' id='word_1_53' title='bbox 256 966 382 1041; x_wconf 78' lang='lat' dir='ltr'>Primo</span> <span class='ocrx_word' id='word_1_54' title='bbox 400 974 578 1042; x_wconf 81' lang='lat' dir='ltr'>sententia</span> <span class='ocrx_word' id='word_1_55' title='bbox 608 994 652 1040; x_wconf 80' lang='lat' dir='ltr'>ne</span> <span class='ocrx_word' id='word_1_56' title='bbox 679 982 716 1040; x_wconf 88' lang='lat' dir='ltr'>at</span> <span class='ocrx_word' id='word_1_57' title='bbox 735 992 820 1041; x_wconf 91' lang='lat' dir='ltr'>com</span> <span class='ocrx_word' id='word_1_58' title='bbox 852 964 982 1063; x_wconf 77' lang='lat' dir='ltr'>Sporer</span> <span class='ocrx_word' id='word_1_59' title='bbox 1004 967 1049 1041; x_wconf 83' lang='lat' dir='ltr'>de</span> <span class='ocrx_word' id='word_1_60' title='bbox 1067 967 1194 1040; x_wconf 70' lang='lat' dir='ltr'>Ponti.</span> <span class='ocrx_word' id='word_1_61' title='bbox 1213 994 1294 1066; x_wconf 83' lang='lat' dir='ltr'>cup.</span> <span class='ocrx_word' id='word_1_62' title='bbox 1310 991 1351 1039; x_wconf 82' lang='lat'>2.</span> 
     </span>
    </p>

    <p class='ocr_par' dir='ltr' id='par_1_8' title="bbox 256 1060 1355 1162">
     <span class='ocr_line' id='line_1_9' title="bbox 256 1060 1355 1162; baseline 0 -25"><span class='ocrx_word' id='word_1_63' title='bbox 256 1090 295 1138; x_wconf 82' lang='lat' dir='ltr'>n.</span> <span class='ocrx_word' id='word_1_64' title='bbox 326 1067 410 1159; x_wconf 68' lang='lat'>324.</span> <span class='ocrx_word' id='word_1_65' title='bbox 441 1083 479 1138; x_wconf 81' lang='lat' dir='ltr'>et</span> <span class='ocrx_word' id='word_1_66' title='bbox 505 1065 602 1141; x_wconf 42' lang='lat' dir='ltr'>Goba</span> <span class='ocrx_word' id='word_1_67' title='bbox 665 1093 777 1152; x_wconf 71' lang='lat' dir='ltr'>ores,</span> <span class='ocrx_word' id='word_1_68' title='bbox 806 1064 992 1156; x_wconf 67' lang='lat' dir='ltr'>Lumbisr,</span> <span class='ocrx_word' id='word_1_69' title='bbox 1027 1067 1143 1140; x_wconf 77' lang='lat' dir='ltr'>Marc.</span> <span class='ocrx_word' id='word_1_70' title='bbox 1165 1081 1233 1140; x_wconf 83' lang='lat' dir='ltr'>etc.</span> <span class='ocrx_word' id='word_1_71' title='bbox 1250 1060 1355 1162; x_wconf 77' lang='lat' dir='ltr'>apud</span> 
     </span>
    </p>

    <p class='ocr_par' dir='ltr' id='par_1_9' title="bbox 255 1163 1352 1261">
     <span class='ocr_line' id='line_1_10' title="bbox 255 1163 1352 1261; baseline 0.001 -25"><span class='ocrx_word' id='word_1_72' title='bbox 255 1165 370 1237; x_wconf 78' lang='lat' dir='ltr'>Croix</span> <span class='ocrx_word' id='word_1_73' title='bbox 388 1166 411 1238; x_wconf 87' lang='lat' dir='ltr'>l.</span> <span class='ocrx_word' id='word_1_74' title='bbox 431 1166 453 1238; x_wconf 85' lang='lat'>5</span> <span class='ocrx_word' id='word_1_75' title='bbox 474 1191 509 1235; x_wconf 86' lang='lat' dir='ltr'>n.</span> <span class='ocrx_word' id='word_1_76' title='bbox 529 1163 614 1261; x_wconf 83' lang='lat'><strong>357.</strong></span> <span class='ocrx_word' id='word_1_77' title='bbox 636 1165 732 1256; x_wconf 86' lang='lat' dir='ltr'>Quia</span> <span class='ocrx_word' id='word_1_78' title='bbox 746 1163 814 1257; x_wconf 79' lang='lat' dir='ltr'>(bt</span> <span class='ocrx_word' id='word_1_79' title='bbox 831 1163 1007 1260; x_wconf 89' lang='lat' dir='ltr'>dicunt),</span> <span class='ocrx_word' id='word_1_80' title='bbox 1027 1164 1112 1237; x_wconf 77' lang='lat' dir='ltr'>oiim</span> <span class='ocrx_word' id='word_1_81' title='bbox 1131 1163 1177 1237; x_wconf 84' lang='lat' dir='ltr'>ait</span> <span class='ocrx_word' id='word_1_82' title='bbox 1195 1189 1241 1237; x_wconf 83' lang='lat' dir='ltr'>eo</span> <span class='ocrx_word' id='word_1_83' title='bbox 1258 1187 1352 1237; x_wconf 79' lang='lat' dir='ltr'>casu</span> 
     </span>
    </p>

    <p class='ocr_par' dir='ltr' id='par_1_10' title="bbox 134 1260 1353 1363">
     <span class='ocr_line' id='line_1_11' title="bbox 134 1260 1353 1363; baseline -0.003 -27"><span class='ocrx_word' id='word_1_84' title='bbox 134 1288 136 1292; x_wconf 80' lang='grc'><strong>’</strong></span> <span class='ocrx_word' id='word_1_85' title='bbox 256 1264 368 1336; x_wconf 79' lang='lat' dir='ltr'>etiam</span> <span class='ocrx_word' id='word_1_86' title='bbox 380 1260 699 1363; x_wconf 73' lang='lat' dir='ltr'>probabilb.quod</span> <span class='ocrx_word' id='word_1_87' title='bbox 720 1288 796 1337; x_wconf 89' lang='lat' dir='ltr'>non</span> <span class='ocrx_word' id='word_1_88' title='bbox 811 1261 907 1336; x_wconf 70' lang='lat' dir='ltr'>adsit</span> <span class='ocrx_word' id='word_1_89' title='bbox 925 1265 1132 1363; x_wconf 87' lang='lat' dir='ltr'>pericnlum</span> <span class='ocrx_word' id='word_1_90' title='bbox 1148 1260 1353 1360; x_wconf 77' lang='lat' dir='ltr'>peccandi,</span> 
     </span>
    </p>

    <p class='ocr_par' dir='ltr' id='par_1_11' title="bbox 252 1359 1353 1462">
     <span class='ocr_line' id='line_1_12' title="bbox 252 1359 1353 1462; baseline -0.005 -27"><span class='ocrx_word' id='word_1_91' title='bbox 252 1386 335 1435; x_wconf 84' lang='lat' dir='ltr'>-non</span> <span class='ocrx_word' id='word_1_92' title='bbox 351 1378 525 1457; x_wconf 75' lang='lat' dir='ltr'>operatur</span> <span class='ocrx_word' id='word_1_93' title='bbox 539 1359 678 1437; x_wconf 67' lang='lat' dir='ltr'>temero</span> <span class='ocrx_word' id='word_1_94' title='bbox 697 1360 842 1462; x_wconf 84' lang='lat' dir='ltr'>quitali</span> <span class='ocrx_word' id='word_1_95' title='bbox 857 1360 1045 1435; x_wconf 75' lang='lat' dir='ltr'>occasioni</span> <span class='ocrx_word' id='word_1_96' title='bbox 1069 1387 1109 1435; x_wconf 83' lang='lat' dir='ltr'>se</span> <span class='ocrx_word' id='word_1_97' title='bbox 1123 1359 1323 1437; x_wconf 84' lang='lat' dir='ltr'>committit</span> <span class='ocrx_word' id='word_1_98' title='bbox 1338 1383 1353 1449; x_wconf 80' lang='lat'><em>3</em></span> 
     </span>
    </p>

    <p class='ocr_par' dir='ltr' id='par_1_12' title="bbox 256 1456 1354 1559">
     <span class='ocr_line' id='line_1_13' title="bbox 256 1456 1354 1559; baseline -0.001 -28"><span class='ocrx_word' id='word_1_99' title='bbox 256 1458 323 1531; x_wconf 85' lang='lat' dir='ltr'>ubi</span> <span class='ocrx_word' id='word_1_100' title='bbox 341 1463 440 1531; x_wconf 88' lang='lat' dir='ltr'>euim</span> <span class='ocrx_word' id='word_1_101' title='bbox 470 1459 674 1559; x_wconf 88' lang='lat' dir='ltr'>perieulum</span> <span class='ocrx_word' id='word_1_102' title='bbox 701 1486 776 1533; x_wconf 90' lang='lat' dir='ltr'>uon</span> <span class='ocrx_word' id='word_1_103' title='bbox 803 1474 858 1534; x_wconf 83' lang='lat' dir='ltr'>eat</span> <span class='ocrx_word' id='word_1_104' title='bbox 875 1475 1018 1535; x_wconf 86' lang='lat' dir='ltr'>certum</span> <span class='ocrx_word' id='word_1_105' title='bbox 1036 1516 1045 1545; x_wconf 80' lang='grc'>,</span> <span class='ocrx_word' id='word_1_106' title='bbox 1066 1476 1140 1532; x_wconf 88' lang='lat' dir='ltr'>non</span> <span class='ocrx_word' id='word_1_107' title='bbox 1162 1472 1282 1558; x_wconf 75' lang='lat' dir='ltr'>potest</span> <span class='ocrx_word' id='word_1_108' title='bbox 1295 1456 1354 1530; x_wconf 85' lang='lat' dir='ltr'>ihi</span> 
     </span>
    </p>

    <p class='ocr_par' dir='ltr' id='par_1_13' title="bbox 257 1554 1354 1658">
     <span class='ocr_line' id='line_1_14' title="bbox 257 1554 1354 1658; baseline 0 -29"><span class='ocrx_word' id='word_1_109' title='bbox 257 1556 386 1630; x_wconf 80' lang='lat' dir='ltr'>adesse</span> <span class='ocrx_word' id='word_1_110' title='bbox 410 1573 508 1633; x_wconf 88' lang='lat' dir='ltr'>certa</span> <span class='ocrx_word' id='word_1_111' title='bbox 537 1557 713 1658; x_wconf 82' lang='lat' dir='ltr'>obligatio</span> <span class='ocrx_word' id='word_1_112' title='bbox 734 1556 829 1631; x_wconf 88' lang='lat' dir='ltr'>illod</span> <span class='ocrx_word' id='word_1_113' title='bbox 855 1558 1070 1657; x_wconf 74' lang='lat' dir='ltr'>effugiendi.</span> <span class='ocrx_word' id='word_1_114' title='bbox 1095 1557 1168 1633; x_wconf 84' lang='lat' dir='ltr'>Sed</span> <span class='ocrx_word' id='word_1_115' title='bbox 1195 1554 1354 1630; x_wconf 73' lang='lat' dir='ltr'>omnino</span> 
     </span>
    </p>

    <p class='ocr_par' dir='ltr' id='par_1_14' title="bbox 255 1654 1354 1760">
     <span class='ocr_line' id='line_1_15' title="bbox 255 1654 1354 1760; baseline -0.003 -29"><span class='ocrx_word' id='word_1_116' title='bbox 255 1654 460 1731; x_wconf 83' lang='lat' dir='ltr'>tenendum</span> <span class='ocrx_word' id='word_1_117' title='bbox 493 1660 706 1760; x_wconf 86' lang='lat' dir='ltr'>oppositum</span> <span class='ocrx_word' id='word_1_118' title='bbox 736 1684 823 1731; x_wconf 88' lang='lat' dir='ltr'>cnm</span> <span class='ocrx_word' id='word_1_119' title='bbox 842 1658 1014 1731; x_wconf 77' lang='lat' dir='ltr'>Busemb.</span> <span class='ocrx_word' id='word_1_120' title='bbox 1032 1655 1220 1755; x_wconf 70' lang='lat' dir='ltr'>utsupra,</span> <span class='ocrx_word' id='word_1_121' title='bbox 1236 1681 1354 1752; x_wconf 83' lang='lat' dir='ltr'>quem</span> 
     </span>
    </p>

    <p class='ocr_par' dir='ltr' id='par_1_15' title="bbox 256 1752 1354 1855">
     <span class='ocr_line' id='line_1_16' title="bbox 256 1752 1354 1855; baseline -0.003 -26"><span class='ocrx_word' id='word_1_122' title='bbox 256 1756 425 1855; x_wconf 81' lang='lat' dir='ltr'>sequitur</span> <span class='ocrx_word' id='word_1_123' title='bbox 444 1755 552 1830; x_wconf 66' lang='lat' dir='ltr'>crota</span> <span class='ocrx_word' id='word_1_124' title='bbox 564 1759 633 1833; x_wconf 84' lang='lat' dir='ltr'>loc.</span> <span class='ocrx_word' id='word_1_125' title='bbox 652 1783 684 1831; x_wconf 89' lang='lat' dir='ltr'>c.</span> <span class='ocrx_word' id='word_1_126' title='bbox 701 1782 781 1830; x_wconf 86' lang='lat' dir='ltr'>cum</span> <span class='ocrx_word' id='word_1_127' title='bbox 804 1756 957 1830; x_wconf 75' lang='lat' dir='ltr'>Cor-den.</span> <span class='ocrx_word' id='word_1_128' title='bbox 973 1757 1070 1829; x_wconf 71' lang='lat' dir='ltr'>Elia.</span> <span class='ocrx_word' id='word_1_129' title='bbox 1089 1752 1228 1828; x_wconf 73' lang='lat' dir='ltr'>etatis.</span> <span class='ocrx_word' id='word_1_130' title='bbox 1244 1755 1354 1826; x_wconf 82' lang='lat' dir='ltr'>Ratio</span> 
     </span>
    </p>

    <p class='ocr_par' dir='ltr' id='par_1_16' title="bbox 255 1851 1355 1956">
     <span class='ocr_line' id='line_1_17' title="bbox 255 1851 1355 1956; baseline -0.004 -28"><span class='ocrx_word' id='word_1_131' title='bbox 255 1859 493 1946; x_wconf 81' lang='lat' dir='ltr'>convincens,</span> <span class='ocrx_word' id='word_1_132' title='bbox 507 1856 608 1956; x_wconf 84' lang='lat' dir='ltr'>quia,</span> <span class='ocrx_word' id='word_1_133' title='bbox 621 1856 652 1929; x_wconf 84' lang='lat' dir='ltr'>si</span> <span class='ocrx_word' id='word_1_134' title='bbox 664 1854 963 1937; x_wconf 80' lang='lat' dir='ltr'>cotillioitumuti</span> <span class='ocrx_word' id='word_1_135' title='bbox 972 1855 1150 1954; x_wconf 89' lang='lat' dir='ltr'>opinione</span> <span class='ocrx_word' id='word_1_136' title='bbox 1164 1851 1355 1952; x_wconf 81' lang='lat' dir='ltr'>probabili</span> 
     </span>
    </p>

    <p class='ocr_par' dir='ltr' id='par_1_17' title="bbox 257 1951 1356 2055">
     <span class='ocr_line' id='line_1_18' title="bbox 257 1951 1356 2055; baseline -0.003 -28"><span class='ocrx_word' id='word_1_137' title='bbox 257 1955 443 2051; x_wconf 75' lang='lat' dir='ltr'>aincjosta</span> <span class='ocrx_word' id='word_1_138' title='bbox 458 1978 567 2027; x_wconf 83' lang='lat' dir='ltr'>causa</span> <span class='ocrx_word' id='word_1_139' title='bbox 583 1980 669 2028; x_wconf 89' lang='lat' dir='ltr'>cum</span> <span class='ocrx_word' id='word_1_140' title='bbox 682 1956 851 2055; x_wconf 88' lang='lat' dir='ltr'>periculo</span> <span class='ocrx_word' id='word_1_141' title='bbox 866 1952 994 2026; x_wconf 85' lang='lat' dir='ltr'>damni</span> <span class='ocrx_word' id='word_1_142' title='bbox 1015 1952 1128 2025; x_wconf 85' lang='lat' dir='ltr'>alieni</span> <span class='ocrx_word' id='word_1_143' title='bbox 1148 1951 1356 2052; x_wconf 78' lang='lat' dir='ltr'>spiritualis</span> 
     </span>
    </p>

    <p class='ocr_par' dir='ltr' id='par_1_18' title="bbox 255 2050 1350 2151">
     <span class='ocr_line' id='line_1_19' title="bbox 255 2050 1350 2151; baseline -0.001 -26"><span class='ocrx_word' id='word_1_144' title='bbox 255 2050 316 2126; x_wconf 85' lang='lat' dir='ltr'>vel</span> <span class='ocrx_word' id='word_1_145' title='bbox 327 2052 549 2151; x_wconf 81' lang='lat' dir='ltr'>temporalis,</span> <span class='ocrx_word' id='word_1_146' title='bbox 565 2052 820 2135; x_wconf 78' lang='lat' dir='ltr'>btcertumeot</span> <span class='ocrx_word' id='word_1_147' title='bbox 834 2052 1070 2151; x_wconf 87' lang='lat' dir='ltr'>apodomnes</span> <span class='ocrx_word' id='word_1_148' title='bbox 1085 2077 1171 2123; x_wconf 91' lang='lat' dir='ltr'>cum</span> <span class='ocrx_word' id='word_1_149' title='bbox 1184 2050 1277 2122; x_wconf 83' lang='lat' dir='ltr'>Bos.</span> <span class='ocrx_word' id='word_1_150' title='bbox 1291 2051 1316 2120; x_wconf 87' lang='lat' dir='ltr'>l.</span> <span class='ocrx_word' id='word_1_151' title='bbox 1335 2077 1350 2124; x_wconf 81' lang='lat' dir='ltr'>t</span> 
     </span>
    </p>

    <p class='ocr_par' dir='ltr' id='par_1_19' title="bbox 256 2144 1356 2251">
     <span class='ocr_line' id='line_1_20' title="bbox 256 2144 1356 2251; baseline -0.002 -27"><span class='ocrx_word' id='word_1_152' title='bbox 256 2176 365 2224; x_wconf 74' lang='lat' dir='ltr'>mo.</span> <span class='ocrx_word' id='word_1_153' title='bbox 376 2150 641 2244; x_wconf 65' lang='lat' dir='ltr'>zizfiueaflixr}</span> <span class='ocrx_word' id='word_1_154' title='bbox 652 2151 916 2251; x_wconf 76' lang='lat' dir='ltr'>quantomagis</span> <span class='ocrx_word' id='word_1_155' title='bbox 927 2144 1191 2241; x_wconf 85' lang='lat' dir='ltr'>idnonlicebit,</span> <span class='ocrx_word' id='word_1_156' title='bbox 1203 2147 1268 2221; x_wconf 89' lang='lat' dir='ltr'>ubi</span> <span class='ocrx_word' id='word_1_157' title='bbox 1281 2174 1356 2249; x_wconf 85' lang='lat' dir='ltr'>pe·</span> 
     </span>
    </p>

    <p class='ocr_par' dir='ltr' id='par_1_20' title="bbox 251 2245 1355 2351">
     <span class='ocr_line' id='line_1_21' title="bbox 251 2245 1355 2351; baseline -0.001 -29"><span class='ocrx_word' id='word_1_158' title='bbox 251 2247 419 2322; x_wconf 77' lang='lat' dir='ltr'>riculum</span> <span class='ocrx_word' id='word_1_159' title='bbox 438 2250 607 2321; x_wconf 87' lang='lat' dir='ltr'>imminet</span> <span class='ocrx_word' id='word_1_160' title='bbox 632 2252 794 2351; x_wconf 82' lang='lat' dir='ltr'>propriae</span> <span class='ocrx_word' id='word_1_161' title='bbox 811 2250 968 2324; x_wconf 72' lang='lat' dir='ltr'>animm?</span> <span class='ocrx_word' id='word_1_162' title='bbox 983 2247 1060 2322; x_wconf 87' lang='lat' dir='ltr'>Nec</span> <span class='ocrx_word' id='word_1_163' title='bbox 1072 2247 1193 2322; x_wconf 77' lang='lat' dir='ltr'>obstat</span> <span class='ocrx_word' id='word_1_164' title='bbox 1204 2245 1355 2336; x_wconf 84' lang='lat' dir='ltr'>dicere,</span> 
     </span>
    </p>

    <p class='ocr_par' dir='ltr' id='par_1_21' title="bbox 250 2347 1359 2449">
     <span class='ocr_line' id='line_1_22' title="bbox 250 2347 1359 2449; baseline -0.002 -29"><span class='ocrx_word' id='word_1_165' title='bbox 250 2348 378 2448; x_wconf 73' lang='lat' dir='ltr'>qood,</span> <span class='ocrx_word' id='word_1_166' title='bbox 397 2347 462 2421; x_wconf 89' lang='lat' dir='ltr'>ubi</span> <span class='ocrx_word' id='word_1_167' title='bbox 482 2347 688 2448; x_wconf 84' lang='lat' dir='ltr'>periculum</span> <span class='ocrx_word' id='word_1_168' title='bbox 700 2363 756 2422; x_wconf 86' lang='lat' dir='ltr'>est</span> <span class='ocrx_word' id='word_1_169' title='bbox 777 2347 971 2449; x_wconf 87' lang='lat' dir='ltr'>probabile</span> <span class='ocrx_word' id='word_1_170' title='bbox 984 2405 995 2439; x_wconf 85' lang='lat'>‚</span> <span class='ocrx_word' id='word_1_171' title='bbox 1007 2350 1052 2422; x_wconf 85' lang='lat' dir='ltr'>sit</span> <span class='ocrx_word' id='word_1_172' title='bbox 1065 2347 1117 2420; x_wconf 90' lang='lat' dir='ltr'>ibi</span> <span class='ocrx_word' id='word_1_173' title='bbox 1132 2349 1241 2422; x_wconf 77' lang='lat' dir='ltr'>etilm</span> <span class='ocrx_word' id='word_1_174' title='bbox 1260 2373 1359 2447; x_wconf 87' lang='lat' dir='ltr'>pro-</span> 
     </span>
    </p>

    <p class='ocr_par' dir='ltr' id='par_1_22' title="bbox 252 2445 1355 2548">
     <span class='ocr_line' id='line_1_23' title="bbox 252 2445 1355 2548; baseline 0 -28"><span class='ocrx_word' id='word_1_175' title='bbox 252 2445 384 2520; x_wconf 73' lang='lat' dir='ltr'>babile</span> <span class='ocrx_word' id='word_1_176' title='bbox 392 2471 469 2519; x_wconf 91' lang='lat' dir='ltr'>non</span> <span class='ocrx_word' id='word_1_177' title='bbox 482 2473 560 2521; x_wconf 78' lang='lat' dir='ltr'>ease</span> <span class='ocrx_word' id='word_1_178' title='bbox 571 2445 780 2548; x_wconf 79' lang='lat' dir='ltr'>periculum</span> <span class='ocrx_word' id='word_1_179' title='bbox 792 2476 802 2518; x_wconf 74' lang='grc' dir='ltr'><em>τ</em></span> <span class='ocrx_word' id='word_1_180' title='bbox 816 2467 903 2520; x_wconf 87' lang='lat' dir='ltr'>nam</span> <span class='ocrx_word' id='word_1_181' title='bbox 916 2447 1175 2548; x_wconf 71' lang='lat' dir='ltr'>respondetur,</span> <span class='ocrx_word' id='word_1_182' title='bbox 1186 2445 1289 2545; x_wconf 91' lang='lat' dir='ltr'>quod</span> <span class='ocrx_word' id='word_1_183' title='bbox 1305 2471 1355 2520; x_wconf 84' lang='lat' dir='ltr'>eo</span> 
     </span>
    </p>

    <p class='ocr_par' dir='ltr' id='par_1_23' title="bbox 256 2543 1359 2645">
     <span class='ocr_line' id='line_1_24' title="bbox 256 2543 1359 2645; baseline -0.002 -26"><span class='ocrx_word' id='word_1_184' title='bbox 256 2571 370 2635; x_wconf 82' lang='lat' dir='ltr'>casu,</span> <span class='ocrx_word' id='word_1_185' title='bbox 392 2546 479 2618; x_wconf 86' lang='lat' dir='ltr'>licet</span> <span class='ocrx_word' id='word_1_186' title='bbox 495 2560 686 2645; x_wconf 87' lang='lat' dir='ltr'>peccatum</span> <span class='ocrx_word' id='word_1_187' title='bbox 700 2548 748 2620; x_wconf 82' lang='lat' dir='ltr'>ait</span> <span class='ocrx_word' id='word_1_188' title='bbox 766 2543 972 2636; x_wconf 79' lang='lat' dir='ltr'>incertum,</span> <span class='ocrx_word' id='word_1_189' title='bbox 992 2572 1038 2618; x_wconf 90' lang='lat' dir='ltr'>an</span> <span class='ocrx_word' id='word_1_190' title='bbox 1057 2549 1104 2619; x_wconf 87' lang='lat' dir='ltr'>sit</span> <span class='ocrx_word' id='word_1_191' title='bbox 1116 2545 1172 2618; x_wconf 80' lang='lat' dir='ltr'>rel</span> <span class='ocrx_word' id='word_1_192' title='bbox 1189 2570 1237 2618; x_wconf 86' lang='lat' dir='ltr'>ne</span> <span class='ocrx_word' id='word_1_193' title='bbox 1254 2569 1359 2618; x_wconf 90' lang='lat' dir='ltr'>com·</span> 
     </span>
    </p>

    <p class='ocr_par' dir='ltr' id='par_1_24' title="bbox 256 2643 1352 2745">
     <span class='ocr_line' id='line_1_25' title="bbox 256 2643 1352 2745; baseline -0.003 -26"><span class='ocrx_word' id='word_1_194' title='bbox 256 2644 510 2732; x_wconf 80' lang='lat' dir='ltr'>mittendum,</span> <span class='ocrx_word' id='word_1_195' title='bbox 533 2659 675 2719; x_wconf 83' lang='lat' dir='ltr'>certum</span> <span class='ocrx_word' id='word_1_196' title='bbox 702 2660 825 2719; x_wconf 84' lang='lat' dir='ltr'>tamon</span> <span class='ocrx_word' id='word_1_197' title='bbox 848 2645 896 2718; x_wconf 79' lang='lat' dir='ltr'>sit</span> <span class='ocrx_word' id='word_1_198' title='bbox 922 2643 1131 2745; x_wconf 82' lang='lat' dir='ltr'>periculum</span> <span class='ocrx_word' id='word_1_199' title='bbox 1152 2643 1352 2744; x_wconf 85' lang='lat' dir='ltr'>peccandi.</span> 
     </span>
    </p>

    <p class='ocr_par' dir='ltr' id='par_1_25' title="bbox 191 2741 1361 2839">
     <span class='ocr_line' id='line_1_26' title="bbox 191 2741 1361 2839; baseline -0.006 -18"><span class='ocrx_word' id='word_1_200' title='bbox 191 2773 193 2780; x_wconf 76' lang='grc'><em>’</em></span> <span class='ocrx_word' id='word_1_201' title='bbox 256 2741 449 2828; x_wconf 64' lang='lat' dir='ltr'>Diuimus&#39;⁸</span> <span class='ocrx_word' id='word_1_202' title='bbox 461 2747 540 2816; x_wconf 68' lang='lat' dir='ltr'>niue</span> <span class='ocrx_word' id='word_1_203' title='bbox 548 2744 647 2839; x_wconf 82' lang='lat' dir='ltr'>justu</span> <span class='ocrx_word' id='word_1_204' title='bbox 659 2769 769 2816; x_wconf 82' lang='lat' dir='ltr'>causa</span> <span class='ocrx_word' id='word_1_205' title='bbox 785 2774 797 2815; x_wconf 92' lang='grc'>.·</span> <span class='ocrx_word' id='word_1_206' title='bbox 813 2769 899 2816; x_wconf 88' lang='lat' dir='ltr'>nam</span> <span class='ocrx_word' id='word_1_207' title='bbox 914 2741 978 2816; x_wconf 89' lang='lat' dir='ltr'>ubi</span> <span class='ocrx_word' id='word_1_208' title='bbox 992 2749 1086 2838; x_wconf 80' lang='lat' dir='ltr'>justa</span> <span class='ocrx_word' id='word_1_209' title='bbox 1103 2769 1210 2817; x_wconf 81' lang='lat' dir='ltr'>causa</span> <span class='ocrx_word' id='word_1_210' title='bbox 1224 2741 1331 2819; x_wconf 75' lang='lat' dir='ltr'>adeat</span> <span class='ocrx_word' id='word_1_211' title='bbox 1343 2777 1361 2828; x_wconf 60' lang='lat'>‚¹</span> 
     </span>
    </p>

    <p class='ocr_par' dir='ltr' id='par_1_26' title="bbox 256 2837 1356 2942">
     <span class='ocr_line' id='line_1_27' title="bbox 256 2837 1356 2942; baseline -0.001 -25"><span class='ocrx_word' id='word_1_212' title='bbox 256 2867 336 2917; x_wconf 85' lang='lat' dir='ltr'>non</span> <span class='ocrx_word' id='word_1_213' title='bbox 367 2857 422 2916; x_wconf 83' lang='lat' dir='ltr'>est</span> <span class='ocrx_word' id='word_1_214' title='bbox 445 2841 620 2942; x_wconf 85' lang='lat' dir='ltr'>obligatio</span> <span class='ocrx_word' id='word_1_215' title='bbox 646 2837 721 2915; x_wconf 86' lang='lat' dir='ltr'>tale</span> <span class='ocrx_word' id='word_1_216' title='bbox 746 2840 955 2941; x_wconf 86' lang='lat' dir='ltr'>periculum</span> <span class='ocrx_word' id='word_1_217' title='bbox 972 2840 1138 2929; x_wconf 85' lang='lat' dir='ltr'>vitandi,</span> <span class='ocrx_word' id='word_1_218' title='bbox 1158 2842 1229 2914; x_wconf 88' lang='lat' dir='ltr'>nisi</span> <span class='ocrx_word' id='word_1_219' title='bbox 1250 2840 1356 2916; x_wconf 82' lang='lat' dir='ltr'>oertb</span> 
     </span>
    </p>

    <p class='ocr_par' dir='ltr' id='par_1_27' title="bbox 256 2938 1357 3041">
     <span class='ocr_line' id='line_1_28' title="bbox 256 2938 1357 3041; baseline -0.002 -26"><span class='ocrx_word' id='word_1_220' title='bbox 256 2941 450 3015; x_wconf 82' lang='lat' dir='ltr'>moraliter</span> <span class='ocrx_word' id='word_1_221' title='bbox 465 2940 707 3041; x_wconf 78' lang='lat' dir='ltr'>praevideatur</span> <span class='ocrx_word' id='word_1_222' title='bbox 725 2939 851 3040; x_wconf 82' lang='lat' dir='ltr'>lapsus</span> <span class='ocrx_word' id='word_1_223' title='bbox 866 2941 904 3013; x_wconf 90' lang='lat' dir='ltr'>in</span> <span class='ocrx_word' id='word_1_224' title='bbox 921 2955 1129 3039; x_wconf 84' lang='lat' dir='ltr'>peccatum.</span> <span class='ocrx_word' id='word_1_225' title='bbox 1147 2938 1245 3013; x_wconf 87' lang='lat' dir='ltr'>Vide</span> <span class='ocrx_word' id='word_1_226' title='bbox 1259 2940 1357 3013; x_wconf 60' lang='lat' dir='ltr'>duta</span> 
     </span>
    </p>

    <p class='ocr_par' dir='ltr' id='par_1_28' title="bbox 258 3037 1356 3138">
     <span class='ocr_line' id='line_1_29' title="bbox 258 3037 1356 3138; baseline 0 -26"><span class='ocrx_word' id='word_1_227' title='bbox 258 3040 284 3112; x_wconf 80' lang='grc' dir='ltr'>Ι.</span> <span class='ocrx_word' id='word_1_228' title='bbox 304 3066 324 3112; x_wconf 83' lang='lat'>2</span> <span class='ocrx_word' id='word_1_229' title='bbox 344 3065 382 3113; x_wconf 87' lang='lat' dir='ltr'>n.</span> <span class='ocrx_word' id='word_1_230' title='bbox 405 3040 465 3114; x_wconf 79' lang='lat'>26.</span> <span class='ocrx_word' id='word_1_231' title='bbox 487 3065 518 3110; x_wconf 77' lang='grc' dir='ltr'>ν.</span> <span class='ocrx_word' id='word_1_232' title='bbox 537 3038 692 3112; x_wconf 79' lang='lat' dir='ltr'>Pariter.</span> <span class='ocrx_word' id='word_1_233' title='bbox 711 3040 761 3112; x_wconf 88' lang='lat' dir='ltr'>Et</span> <span class='ocrx_word' id='word_1_234' title='bbox 786 3040 845 3135; x_wconf 85' lang='lat' dir='ltr'>sic</span> <span class='ocrx_word' id='word_1_235' title='bbox 856 3053 1077 3112; x_wconf 82' lang='lat' dir='ltr'>excusantur</span> <span class='ocrx_word' id='word_1_236' title='bbox 1102 3037 1302 3138; x_wconf 86' lang='lat' dir='ltr'>Chirurgi,</span> <span class='ocrx_word' id='word_1_237' title='bbox 1321 3038 1356 3112; x_wconf 78' lang='lat' dir='ltr'>ai</span> 
     </span>
    </p>

    <p class='ocr_par' dir='ltr' id='par_1_29' title="bbox 130 3131 1356 3238">
     <span class='ocr_line' id='line_1_30' title="bbox 130 3131 1356 3238; baseline -0.001 -29"><span class='ocrx_word' id='word_1_238' title='bbox 130 3225 135 3234; x_wconf 35' lang='grc'>,</span> <span class='ocrx_word' id='word_1_239' title='bbox 258 3138 429 3238; x_wconf 87' lang='lat' dir='ltr'>periculo</span> <span class='ocrx_word' id='word_1_240' title='bbox 443 3163 482 3212; x_wconf 81' lang='lat' dir='ltr'>oe</span> <span class='ocrx_word' id='word_1_241' title='bbox 499 3152 690 3236; x_wconf 85' lang='lat' dir='ltr'>exponunt</span> <span class='ocrx_word' id='word_1_242' title='bbox 704 3138 745 3210; x_wconf 85' lang='lat' dir='ltr'>in</span> <span class='ocrx_word' id='word_1_243' title='bbox 763 3131 958 3212; x_wconf 81' lang='lat' dir='ltr'>medendis</span> <span class='ocrx_word' id='word_1_244' title='bbox 974 3137 1154 3220; x_wconf 69' lang='lat' dir='ltr'>foeminis,</span> <span class='ocrx_word' id='word_1_245' title='bbox 1174 3134 1259 3209; x_wconf 82' lang='lat' dir='ltr'>cirm</span> <span class='ocrx_word' id='word_1_246' title='bbox 1276 3135 1356 3209; x_wconf 85' lang='lat' dir='ltr'>ali·</span> 
     </span>
    </p>

    <p class='ocr_par' dir='ltr' id='par_1_30' title="bbox 290 3233 1355 3334">
     <span class='ocr_line' id='line_1_31' title="bbox 290 3233 1355 3334; baseline 0.002 -27"><span class='ocrx_word' id='word_1_247' title='bbox 290 3236 406 3310; x_wconf 79' lang='lat' dir='ltr'>notius</span> <span class='ocrx_word' id='word_1_248' title='bbox 425 3238 463 3308; x_wconf 93' lang='lat' dir='ltr'>in</span> <span class='ocrx_word' id='word_1_249' title='bbox 485 3236 696 3333; x_wconf 87' lang='lat' dir='ltr'>periculum</span> <span class='ocrx_word' id='word_1_250' title='bbox 713 3235 762 3308; x_wconf 91' lang='lat' dir='ltr'>oh</span> <span class='ocrx_word' id='word_1_251' title='bbox 778 3236 889 3310; x_wconf 84' lang='lat' dir='ltr'>talem</span> <span class='ocrx_word' id='word_1_252' title='bbox 911 3238 1142 3308; x_wconf 75' lang='lat' dir='ltr'>occasionem</span> <span class='ocrx_word' id='word_1_253' title='bbox 1163 3240 1236 3333; x_wconf 80' lang='lat' dir='ltr'>jam</span> <span class='ocrx_word' id='word_1_254' title='bbox 1256 3233 1355 3334; x_wconf 78' lang='lat' dir='ltr'>lapsi</span> 
     </span>
    </p>

    <p class='ocr_par' dir='ltr' id='par_1_31' title="bbox 259 3261 1352 3434">
     <span class='ocr_line' id='line_1_32' title="bbox 259 3261 1352 3434; baseline -0.002 -26"><span class='ocrx_word' id='word_1_255' title='bbox 259 3261 422 3426; x_wconf 60' lang='lat' dir='ltr'>lucrium</span> <span class='ocrx_word' id='word_1_256' title='bbox 440 3335 492 3408; x_wconf 84' lang='lat' dir='ltr'>sic</span> <span class='ocrx_word' id='word_1_257' title='bbox 507 3334 686 3419; x_wconf 84' lang='lat' dir='ltr'>Parochi,</span> <span class='ocrx_word' id='word_1_258' title='bbox 704 3337 768 3433; x_wconf 87' lang='lat' dir='ltr'>qui</span> <span class='ocrx_word' id='word_1_259' title='bbox 789 3336 828 3408; x_wconf 89' lang='lat' dir='ltr'>in</span> <span class='ocrx_word' id='word_1_260' title='bbox 851 3335 1077 3434; x_wconf 83' lang='lat' dir='ltr'>excipiendis</span> <span class='ocrx_word' id='word_1_261' title='bbox 1096 3332 1352 3407; x_wconf 71' lang='lat' dir='ltr'>Conlemioni-</span> 
     </span>
    </p>

    <p class='ocr_par' dir='ltr' id='par_1_32' title="bbox 257 3431 1353 3532">
     <span class='ocr_line' id='line_1_33' title="bbox 257 3431 1353 3532; baseline -0.001 -25"><span class='ocrx_word' id='word_1_262' title='bbox 257 3432 333 3507; x_wconf 81' lang='lat' dir='ltr'>bns</span> <span class='ocrx_word' id='word_1_263' title='bbox 357 3434 526 3507; x_wconf 85' lang='lat' dir='ltr'>eamdem</span> <span class='ocrx_word' id='word_1_264' title='bbox 543 3434 728 3507; x_wconf 84' lang='lat' dir='ltr'>miseriam</span> <span class='ocrx_word' id='word_1_265' title='bbox 749 3431 888 3506; x_wconf 85' lang='lat' dir='ltr'>suerint</span> <span class='ocrx_word' id='word_1_266' title='bbox 904 3434 1046 3532; x_wconf 77' lang='lat' dir='ltr'>experti</span> <span class='ocrx_word' id='word_1_267' title='bbox 1062 3459 1072 3525; x_wconf 79' lang='lat'><em>3</em></span> <span class='ocrx_word' id='word_1_268' title='bbox 1088 3434 1140 3507; x_wconf 87' lang='lat' dir='ltr'>sic</span> <span class='ocrx_word' id='word_1_269' title='bbox 1158 3433 1267 3505; x_wconf 74' lang='lat' dir='ltr'>etiam</span> <span class='ocrx_word' id='word_1_270' title='bbox 1284 3458 1353 3507; x_wconf 81' lang='lat' dir='ltr'>ex·</span> 
     </span>
    </p>

    <p class='ocr_par' dir='ltr' id='par_1_33' title="bbox 252 3529 1353 3633">
     <span class='ocr_line' id='line_1_34' title="bbox 252 3529 1353 3633; baseline -0.004 -27"><span class='ocrx_word' id='word_1_271' title='bbox 252 3530 540 3620; x_wconf 65' lang='lat' dir='ltr'>ausoniorum,</span> <span class='ocrx_word' id='word_1_272' title='bbox 558 3533 621 3632; x_wconf 91' lang='lat' dir='ltr'>qui</span> <span class='ocrx_word' id='word_1_273' title='bbox 636 3529 832 3633; x_wconf 86' lang='lat' dir='ltr'>proprium</span> <span class='ocrx_word' id='word_1_274' title='bbox 858 3530 1019 3606; x_wconf 85' lang='lat' dir='ltr'>officium</span> <span class='ocrx_word' id='word_1_275' title='bbox 1034 3591 1043 3617; x_wconf 85' lang='lat'><strong>,</strong></span> <span class='ocrx_word' id='word_1_276' title='bbox 1061 3546 1150 3632; x_wconf 90' lang='lat' dir='ltr'>puta</span> <span class='ocrx_word' id='word_1_277' title='bbox 1172 3529 1322 3606; x_wconf 82' lang='lat' dir='ltr'>curialis</span> <span class='ocrx_word' id='word_1_278' title='bbox 1340 3589 1353 3616; x_wconf 83' lang='lat'><em>,</em></span> 
     </span>
    </p>

    <p class='ocr_par' dir='ltr' id='par_1_34' title="bbox 260 3628 1355 3731">
     <span class='ocr_line' id='line_1_35' title="bbox 260 3628 1355 3731; baseline -0.005 -25"><span class='ocrx_word' id='word_1_279' title='bbox 260 3632 391 3707; x_wconf 82' lang='lat' dir='ltr'>militis</span> <span class='ocrx_word' id='word_1_280' title='bbox 411 3687 420 3720; x_wconf 80' lang='lat'><em>,</em></span> <span class='ocrx_word' id='word_1_281' title='bbox 442 3631 648 3731; x_wconf 82' lang='lat' dir='ltr'>cauponis,</span> <span class='ocrx_word' id='word_1_282' title='bbox 672 3647 735 3704; x_wconf 81' lang='lat' dir='ltr'>aut</span> <span class='ocrx_word' id='word_1_283' title='bbox 752 3629 963 3705; x_wconf 83' lang='lat' dir='ltr'>mercatoris</span> <span class='ocrx_word' id='word_1_284' title='bbox 985 3687 996 3720; x_wconf 84' lang='lat'>‚</span> <span class='ocrx_word' id='word_1_285' title='bbox 1017 3657 1093 3703; x_wconf 91' lang='lat' dir='ltr'>uon</span> <span class='ocrx_word' id='word_1_286' title='bbox 1112 3646 1266 3729; x_wconf 79' lang='lat' dir='ltr'>possunt</span> <span class='ocrx_word' id='word_1_287' title='bbox 1283 3628 1355 3701; x_wconf 85' lang='lat' dir='ltr'>de-</span> 
     </span>
    </p>

    <p class='ocr_par' dir='ltr' id='par_1_35' title="bbox 262 3725 1352 3828">
     <span class='ocr_line' id='line_1_36' title="bbox 262 3725 1352 3828; baseline -0.004 -24"><span class='ocrx_word' id='word_1_288' title='bbox 262 3755 384 3804; x_wconf 73' lang='lat' dir='ltr'>serere</span> <span class='ocrx_word' id='word_1_289' title='bbox 400 3729 480 3804; x_wconf 75' lang='lat' dir='ltr'>aine</span> <span class='ocrx_word' id='word_1_290' title='bbox 493 3731 591 3828; x_wconf 81' lang='lat' dir='ltr'>gravi</span> <span class='ocrx_word' id='word_1_291' title='bbox 609 3725 842 3803; x_wconf 79' lang='lat' dir='ltr'>detrimento.</span> <span class='ocrx_word' id='word_1_292' title='bbox 852 3728 905 3801; x_wconf 78' lang='lat' dir='ltr'>Ia</span> <span class='ocrx_word' id='word_1_293' title='bbox 913 3728 1021 3800; x_wconf 75' lang='lat' dir='ltr'>Soloi.</span> <span class='ocrx_word' id='word_1_294' title='bbox 1031 3730 1075 3801; x_wconf 83' lang='lat' dir='ltr'>de</span> <span class='ocrx_word' id='word_1_295' title='bbox 1086 3729 1112 3803; x_wconf 88' lang='lat'>6</span> <span class='ocrx_word' id='word_1_296' title='bbox 1122 3744 1188 3827; x_wconf 71' lang='lat' dir='ltr'>etp</span> <span class='ocrx_word' id='word_1_297' title='bbox 1198 3729 1261 3799; x_wconf 86' lang='lat' dir='ltr'>Pr.</span> <span class='ocrx_word' id='word_1_298' title='bbox 1270 3753 1352 3823; x_wconf 78' lang='lat' dir='ltr'>cop.</span> 
     </span>
    </p>

    <p class='ocr_par' dir='ltr' id='par_1_36' title="bbox 264 3824 1355 3926">
     <span class='ocr_line' id='line_1_37' title="bbox 264 3824 1355 3926; baseline -0.005 -23"><span class='ocrx_word' id='word_1_299' title='bbox 264 3854 288 3903; x_wconf 84' lang='lat'><em>2</em></span> <span class='ocrx_word' id='word_1_300' title='bbox 305 3853 341 3901; x_wconf 83' lang='lat' dir='ltr'>n.</span> <span class='ocrx_word' id='word_1_301' title='bbox 363 3831 422 3926; x_wconf 74' lang='lat'>47.</span> <span class='ocrx_word' id='word_1_302' title='bbox 442 3855 521 3900; x_wconf 81' lang='lat' dir='ltr'>cum</span> <span class='ocrx_word' id='word_1_303' title='bbox 537 3828 636 3901; x_wconf 69' lang='lat' dir='ltr'>Noa.</span> <span class='ocrx_word' id='word_1_304' title='bbox 657 3828 762 3900; x_wconf 82' lang='lat' dir='ltr'>Hurt.</span> <span class='ocrx_word' id='word_1_305' title='bbox 777 3827 868 3900; x_wconf 79' lang='lat' dir='ltr'>Ant.</span> <span class='ocrx_word' id='word_1_306' title='bbox 886 3830 911 3899; x_wconf 81' lang='lat' dir='ltr'>d</span> <span class='ocrx_word' id='word_1_307' title='bbox 926 3825 987 3926; x_wconf 80' lang='lat' dir='ltr'>Sp.</span> <span class='ocrx_word' id='word_1_308' title='bbox 1006 3824 1160 3912; x_wconf 80' lang='lat' dir='ltr'>Sancto,</span> <span class='ocrx_word' id='word_1_309' title='bbox 1178 3843 1245 3898; x_wconf 79' lang='lat' dir='ltr'>ato.</span> <span class='ocrx_word' id='word_1_310' title='bbox 1262 3825 1355 3899; x_wconf 87' lang='lat' dir='ltr'>item</span> 
     </span>
    </p>

    <p class='ocr_par' dir='ltr' id='par_1_37' title="bbox 262 3923 1358 4023">
     <span class='ocr_line' id='line_1_38' title="bbox 262 3923 1358 4023; baseline -0.002 -24"><span class='ocrx_word' id='word_1_311' title='bbox 262 3926 377 4003; x_wconf 76' lang='lat' dir='ltr'>Elbel.</span> <span class='ocrx_word' id='word_1_312' title='bbox 394 3925 437 3998; x_wconf 83' lang='lat' dir='ltr'>de</span> <span class='ocrx_word' id='word_1_313' title='bbox 452 3924 577 4000; x_wconf 79' lang='lat' dir='ltr'>Ponti.</span> <span class='ocrx_word' id='word_1_314' title='bbox 596 3952 634 4000; x_wconf 82' lang='lat' dir='ltr'>n.</span> <span class='ocrx_word' id='word_1_315' title='bbox 657 3948 736 4000; x_wconf 81' lang='lat' dir='ltr'>roa.</span> <span class='ocrx_word' id='word_1_316' title='bbox 753 3925 867 3999; x_wconf 83' lang='lat' dir='ltr'>lloor.</span> <span class='ocrx_word' id='word_1_317' title='bbox 880 3928 957 3997; x_wconf 78' lang='lat' dir='ltr'>eod.</span> <span class='ocrx_word' id='word_1_318' title='bbox 973 3926 1024 3999; x_wconf 81' lang='lat' dir='ltr'>tit.</span> <span class='ocrx_word' id='word_1_319' title='bbox 1038 3952 1071 4000; x_wconf 84' lang='lat' dir='ltr'>c.</span> <span class='ocrx_word' id='word_1_320' title='bbox 1087 3927 1158 4023; x_wconf 67' lang='lat' dir='ltr'>tq.</span> <span class='ocrx_word' id='word_1_321' title='bbox 1176 3923 1209 3995; x_wconf 84' lang='lat'>3.</span> <span class='ocrx_word' id='word_1_322' title='bbox 1225 3924 1358 4020; x_wconf 77' lang='lat' dir='ltr'>Sporrr</span> 
     </span>
    </p>

    <p class='ocr_par' dir='ltr' id='par_1_38' title="bbox 196 4021 1357 4126">
     <span class='ocr_line' id='line_1_39' title="bbox 196 4021 1357 4126; baseline 0 -30"><span class='ocrx_word' id='word_1_323' title='bbox 196 4079 230 4126; x_wconf 46' lang='lat'>5,</span> <span class='ocrx_word' id='word_1_324' title='bbox 264 4023 346 4097; x_wconf 86' lang='lat' dir='ltr'>eod.</span> <span class='ocrx_word' id='word_1_325' title='bbox 363 4026 416 4099; x_wconf 77' lang='lat' dir='ltr'>tit.</span> <span class='ocrx_word' id='word_1_326' title='bbox 435 4051 472 4097; x_wconf 85' lang='lat' dir='ltr'>n.</span> <span class='ocrx_word' id='word_1_327' title='bbox 493 4022 577 4102; x_wconf 81' lang='lat'><strong>326.</strong></span> <span class='ocrx_word' id='word_1_328' title='bbox 594 4040 630 4098; x_wconf 86' lang='lat' dir='ltr'>et</span> <span class='ocrx_word' id='word_1_329' title='bbox 648 4024 711 4097; x_wconf 92' lang='lat' dir='ltr'>alii</span> <span class='ocrx_word' id='word_1_330' title='bbox 725 4025 874 4124; x_wconf 72' lang='lat' dir='ltr'>partim.</span> <span class='ocrx_word' id='word_1_331' title='bbox 893 4023 1021 4115; x_wconf 87' lang='lat' dir='ltr'>Ratio,</span> <span class='ocrx_word' id='word_1_332' title='bbox 1041 4026 1129 4124; x_wconf 86' lang='lat' dir='ltr'>quia</span> <span class='ocrx_word' id='word_1_333' title='bbox 1143 4021 1357 4121; x_wconf 84' lang='lat' dir='ltr'>periculum</span> 
     </span>
    </p>

    <p class='ocr_par' dir='ltr' id='par_1_39' title="bbox 246 4120 1357 4227">
     <span class='ocr_line' id='line_1_40' title="bbox 246 4120 1357 4227; baseline -0.001 -31"><span class='ocrx_word' id='word_1_334' title='bbox 246 4121 316 4197; x_wconf 74' lang='lat' dir='ltr'>do</span> <span class='ocrx_word' id='word_1_335' title='bbox 331 4143 382 4220; x_wconf 39' lang='lat' dir='ltr'>ae,</span> <span class='ocrx_word' id='word_1_336' title='bbox 389 4123 602 4227; x_wconf 79' lang='lat' dir='ltr'>proximum</span> <span class='ocrx_word' id='word_1_337' title='bbox 615 4136 712 4220; x_wconf 74' lang='lat' dir='ltr'>¹tuno</span> <span class='ocrx_word' id='word_1_338' title='bbox 727 4124 774 4198; x_wconf 77' lang='lat' dir='ltr'>fir</span> <span class='ocrx_word' id='word_1_339' title='bbox 795 4139 982 4203; x_wconf 83' lang='lat' dir='ltr'>remotum</span> <span class='ocrx_word' id='word_1_340' title='bbox 1007 4127 1086 4200; x_wconf 77' lang='lat' dir='ltr'>tim</span> <span class='ocrx_word' id='word_1_341' title='bbox 1114 4123 1257 4200; x_wconf 82' lang='lat' dir='ltr'>ratione</span> <span class='ocrx_word' id='word_1_342' title='bbox 1282 4120 1357 4195; x_wconf 88' lang='lat' dir='ltr'>cir·</span> 
     </span>
    </p>
   </div>
   <div class='ocr_carea' id='block_1_3' title="bbox 0 0 1461 4675">
    <p class='ocr_par' dir='ltr' id='par_1_40' title="bbox 0 0 1461 4675">
     <span class='ocr_line' id='line_1_41' title="bbox 0 0 1461 4675; baseline 0 0"><span class='ocrx_word' id='word_1_343' title='bbox 0 0 1461 4675; x_wconf 95' lang='lat' dir='ltr'> </span> 
     </span>
    </p>
   </div>
  </div>
 </body>
</html>
