2900 4675
307 397 393 495 Cap,
405 398 433 470 l.
447 393 535 470 nub.
551 395 609 468 111.
627 394 678 469 De
692 394 826 469 Peeoeto
842 405 875 468 tn
891 422 1018 489 genere.
1150 405 1211 472 245

181 547 203 591 u
228 517 319 593 Dico
333 574 342 603 ,
355 516 523 589 moralem
534 539 546 594 ‚·
558 513 644 613 quie
658 515 724 588 etsi
739 514 786 589 ad
800 513 1071 590 distinctionem
1089 541 1216 590 nume·

137 649 154 683 a
183 616 292 689 ricem
310 612 459 714 physici
476 612 629 687 sufficiat
642 614 780 713 quaevis
798 613 1042 715 interruptio,
1061 620 1099 688 in
1119 617 1215 689 ordi

136 744 156 785 n
183 739 230 785 ne
257 728 379 786 tamen
409 711 455 785 nd
486 710 755 785 confessionem
786 736 862 785 nou
888 710 1213 813 multiplicantur,

136 842 156 881 u
184 813 251 885 nisi
264 810 572 886 moralitermolti
586 810 675 900 sint,
693 811 780 910 quia
792 809 915 899 >sicut
929 812 969 884 in
987 812 1215 886 consessione

137 937 157 979 n
182 925 283 985 nctus
299 909 468 993 moralis,
484 911 532 981 ita
548 912 657 982 etiam
672 908 955 1010 multiplicatio,
972 924 1009 983 et
1026 908 1213 988 distinctio

135 1038 155 1078 n
174 1007 486 1082 *morulisattendi
505 1006 625 1081 debet.

181 1139 201 1176 o
227 1105 344 1181 Porrd
375 1122 477 1180 aetus
501 1105 691 1180 moraliter
721 1104 1063 1208 interrumpuntur,
1094 1109 1143 1181 itt
1176 1123 1217 1185 ut

134 1234 155 1274 n
182 1230 252 1278 neo
262 1202 479 1292 virtualiter,
496 1228 566 1277 nec
585 1205 858 1304 interpretativd
873 1232 1021 1279 manere
1038 1232 1218 1280 censean-

133 1334 153 1374 »
181 1319 253 1377 tur.
272 1330 306 1377 ι.
322 1306 393 1377 Per
406 1304 626 1377 contrariam
642 1305 870 1377 voluntatem
888 1358 896 1385 .
917 1319 955 1377 et
972 1307 1215 1404 propositum.

134 1432 154 1472 n
181 1427 215 1475 2.
230 1405 301 1476 Per
312 1400 550 1475 cessationem
561 1400 608 1474 ab
620 1414 704 1475 ectu
718 1403 985 1488 voluntariam,
999 1418 1038 1476 et
1049 1403 1215 1478 liberum.

131 1528 152 1569 n
180 1501 214 1575 3.
241 1503 313 1574 Per
332 1492 570 1574 cessationem
592 1499 897 1585 involuntariam,
925 1518 960 1573 et
989 1502 1218 1586 naturalem,

132 1628 153 1668 >s
180 1600 257 1671 sire
276 1626 317 1673 ee
332 1601 396 1672 liat
413 1624 478 1698 per
494 1624 684 1686 somnum,
701 1599 777 1672 siud
793 1628 859 1697 per
878 1601 1153 1676 distractionem
1171 1602 1219 1676 ad

130 1725 152 1767 n
179 1696 263 1771 elle.
276 1701 347 1772 Per
363 1718 537 1771 somnum
554 1697 725 1796 quidem,
746 1697 1086 1796 quia‚ci1minillo
1103 1716 1220 1775 cesset

133 1825 151 1861 ο
181 1822 270 1869 usus
301 1797 480 1882 rationis,
511 1818 587 1875 non
619 1797 859 1870 continuatur
886 1799 981 1870 ectio
1012 1796 1154 1885 libera,
1183 1815 1222 1874 et

129 1888 152 1966 'u
179 1894 354 1967 moralis:
374 1918 440 1991 per
467 1895 745 1968 distractionem
773 1893 857 1968 veri)
874 1952 883 1982 ,
902 1896 988 1995 quia
1019 1922 1087 1994 per
1114 1898 1221 1970 illam

15 2046 16 2053 κ
123 2018 152 2067 'u
180 1997 284 2092 prior
301 1988 473 2093 cogitatio
499 1994 541 2065 lit
558 1993 823 2083 involuntarie,
843 1992 1002 2093 ideoque
1023 1996 1052 2066 ei
1071 1995 1118 2067 nd
1138 2020 1220 2068 eam

132 2121 164 2161 ».
179 2092 369 2177 redeatur,
385 2095 427 2165 fit
439 2090 666 2178 voluntaria,
682 2107 719 2164 et
733 2092 920 2165 moraliter
934 2091 1218 2193 multiplicatur,

131 2220 151 2260 n
177 2192 231 2264 lte
257 2191 365 2290 Vusq.
379 2206 443 2265 ete.
462 2193 555 2283 Quae
571 2191 763 2274 sententie,
785 2193 851 2264 etsi
870 2192 907 2262 iu
926 2195 1085 2294 peccatis
1102 2208 1220 2267 exter-

128 2319 153 2363 .»
180 2294 238 2364 nis
251 2289 412 2362 tenenda
428 2291 496 2376 sit,
511 2290 549 2362 in
566 2290 720 2363 internis
738 2304 860 2363 tamen
877 2316 951 2364 non
969 2288 1080 2363 hebet
1094 2290 1219 2366 locum

131 2419 149 2454 n
178 2387 387 2463 secundum
411 2389 493 2461 Fut
522 2404 561 2460 tr.
585 2416 623 2461 αι
647 2416 677 2461 r.
697 2391 720 2461 8
746 2415 782 2462 n.
811 2390 893 2486 317.
917 2392 1111 2480 Ratioest,
1131 2394 1220 2492 quia

132 2517 154 2556 u
180 2489 251 2561 etsi
270 2511 336 2585 per
355 2488 453 2560 hanc
483 2488 793 2585 interruptionem
820 2488 973 2589 physice
996 2504 1099 2562 nctus
1126 2490 1221 2562 mul·

130 2615 149 2650 r
178 2584 393 2685 tiplicetur,
410 2610 487 2658 non
518 2598 640 2657 tomen
671 2586 885 2659 moraliter:
907 2590 992 2691 quia
1022 2585 1093 2658 hoc
1114 2590 1220 2686 ipso,

132 2713 152 2752 n
180 2684 284 2784 quod
296 2686 440 2756 animus
461 2683 705 2758 involuntarie
722 2684 970 2769 distrahatur,
988 2702 1153 2758 remanet
1168 2689 1222 2759 in·

130 2814 150 2849 »
180 2781 414 2883 terpretativi
430 2782 531 2883 prior
544 2782 736 2871 voluntas,
755 2783 840 2856 cirm
860 2809 932 2868 non
949 2786 996 2855 sit
1013 2796 1217 2876 retractata,

136 2912 154 2947 ι
181 2896 248 2982 aut
264 2880 369 2957 uliter
384 2881 600 2982 interrupta.
618 2882 666 2956 V.
684 2882 914 2961 etiamnllrld.
935 2883 969 2956 d.
986 2908 1025 2955 ar
1051 2907 1089 2952 n.
1109 2882 1143 2955 3.
1183 2967 1186 2974 .

537 3076 640 3150 Undl
655 3080 821 3153 resolves.

178 3307 198 3346 s
234 3303 266 3349 r.
286 3275 417 3351 Unum
437 3300 592 3352 numero
608 3291 800 3378 peccatum
821 3277 1036 3362 committit,
1058 3280 1122 3377 qui
1144 3304 1218 3352 uno

131 3405 153 3445 n
180 3391 265 3449 actu
287 3375 388 3463 odii,
411 3375 469 3448 vel
496 3377 734 3450 detractionis
753 3376 870 3452 fertur
890 3380 926 3448 in
959 3369 999 3447 io
1021 3375 1217 3463 homines,

131 3504 149 3540 s
181 3477 247 3576 qui
266 3501 339 3546 uno
352 3475 427 3549 ictu
446 3472 539 3549 duos
562 3475 724 3560 occidit,
743 3476 807 3576 qul
823 3497 900 3546 uno
918 3490 999 3546 ectu
1017 3476 1095 3547 vult
1109 3478 1220 3547 omit-

132 3603 153 3643 »
180 3590 260 3648 tere
276 3571 448 3646 Officium
464 3574 649 3648 Horarum
667 3597 734 3675 per
750 3587 937 3658 mensem,
953 3571 1134 3669 jejunium
1151 3597 1218 3674 per

133 3703 151 3736 ι
183 3673 515 3771 quadragesimam.
543 3673 660 3764 Quia,
688 3674 755 3745 etsi
785 3671 862 3745 lraec
891 3670 1036 3767 objecta
1068 3671 1219 3770 physice

132 3799 151 3835 s
181 3777 258 3860 sint
276 3772 381 3871 plura
397 3828 406 3859 ,
425 3786 514 3845 sont
529 3786 651 3844 temen
671 3795 785 3843 unum
804 3769 1009 3854 moraliter,
1031 3769 1220 3842 et'lorma-·

134 3898 156 3937 n
183 3867 279 3956 liter,
307 3868 488 3969 quotenits
508 3873 546 3942 in
569 3895 643 3943 uno
673 3888 756 3943 actu
777 3868 864 3959 htc,
886 3882 922 3940 ct
938 3892 1039 3939 nunc
1057 3875 1227 3961 coniun-¹

135 3997 155 4036 n
184 3983 334 4067 guntur.
352 3967 407 4042 Iit
423 3968 559 4041 Novar.
579 3969 661 4041 Fill.
675 3968 769 4042 Bon.
791 3968 826 4040 d,
855 3965 875 4039 a
898 3993 930 4066 p.
950 3973 1025 4060 lp.
1059 3993 1071 4038 ι
1096 3983 1220 4041 contra

135 4096 153 4131 ι
185 4066 297 4138 Azor.
318 4069 510 4182 Vespere.
529 4068 696 4166 quitatis
716 4064 960 4169 probabiliter
985 4057 1117 4140 dicunt
1142 4091 1221 4139 esre

138 4195 158 4232 u
187 4179 337 4264 peccata
367 4166 549 4265 distincto.
575 4168 714 4239 Vernm
735 4165 811 4238 sivi
844 4191 885 4239 ro
914 4179 1062 4264 peccatu
1092 4165 1220 4252 dicas,

140 4292 161 4329 n
190 4261 309 4338 odisse
321 4283 353 4338 t.
372 4289 423 4366 gr.
449 4264 692 4352 roliomincs,
710 4257 785 4342 sive
800 4263 1085 4364 unom,‚pariuu
1099 4263 1224 4351 rolert,
