2900 4675
278 348 340 437 196
454 345 530 415 Lib.
545 344 589 414 V.
606 341 806 412 Detentus
821 339 978 410 Humanis
994 335 1172 430 ingenere.

275 472 361 531 sert.
385 481 407 528 a
424 482 445 527 a
463 483 503 530 n.
521 460 605 530 218.
626 453 755 531 Melia.
782 455 821 527 in
849 480 914 527 sua
928 450 1113 528 Concord.
1133 452 1229 552 disp.
1243 476 1275 523 2.
1288 451 1344 526 tti-

275 556 386 657 palda
405 569 474 630 etc.
495 556 582 655 quia
610 553 650 626 in
666 551 777 626 nobis¹
790 550 988 626 viatoribus
1008 550 1191 624 definiunt
1204 545 1347 623 libem-

275 671 352 727 tem
382 680 448 753 per
467 668 678 753 potestatem
694 652 746 723 ad
755 649 926 725 contrarii
951 648 1125 746 opposita.
1142 650 1216 722 Pro'
1234 662 1346 720 nostra

276 753 457 825 sententia
473 763 545 825 stat
559 751 596 825 S.
613 751 708 848 Aug.
731 749 759 825 l.
778 750 824 823 23
840 748 887 822 de
901 749 1009 824 civit.
1028 747 1097 824 Dei
1115 774 1148 821 c.
1166 746 1236 821 ult.
1251 745 1346 842 Arbi-

275 850 377 921 trulum
389 854 430 921 et
436 848 616 948 potentius
626 850 704 935 erit,
716 850 783 947 ᾳιιὸ
792 872 939 946 peceare
955 847 1173 943 ezonpoten't.
1183 845 1219 916 S.
1230 842 1345 917 Ansel.

276 946 323 1019 de
339 946 455 1019 libero
483 946 561 1021 arb.
581 973 614 1019 c.
636 972 666 1018 1.
687 946 730 1018 Si
740 971 850 1044 passe
862 970 1033 1044 peccare,
1052 960 1148 1016 esset
1159 968 1249 1040 pars
1264 938 1349 1013 liberi

275 1043 438 1130 Arbertr‘,
457 1045 556 1116 Deus
571 1097 581 1132 ,
597 1058 633 1115 et
645 1042 682 1115 A
728 1044 796 1128 eli,
814 1043 953 1114 liberum
969 1041 1142 1114 arbitrium
1158 1066 1232 1113 non
1246 1038 1346 1111 tato·

259 1160 377 1229 nent,
391 1142 487 1240 quod
513 1158 570 1216 est
587 1070 786 1214 amulium.
804 1141 839 1215 S.
855 1139 929 1215 Th.
949 1140 977 1214 l.
998 1165 1031 1213 c.
1049 1139 1113 1240 qui
1131 1140 1207 1211 ait:
1226 1136 1348 1208 Adra·

275 1242 404 1315 tlonem
421 1241 520 1314 liberi
543 1238 676 1312 arbitrii
696 1265 769 1312 non
793 1240 946 1336 pertinet
974 1253 1013 1310 ut
1037 1234 1301 1309 indeterminate
1316 1255 1348 1305 se

257 1337 409 1412 -tubaat
425 1340 477 1409 ud
496 1333 624 1410 bonnm
641 1391 652 1425 ‚
680 1338 736 1409 vel
750 1337 900 1419 melum,
920 1351 955 1407 et
978 1336 1057 1408 iden
1070 1334 1132 1407 ubi
1139 1330 1346 1429 perfectissi-

275 1462 371 1510 mum
404 1453 461 1507 est
486 1434 628 1507 liberum
652 1434 848 1524 arbitrium,
866 1433 918 1505 ibi
927 1434 964 1505 in
979 1436 1109 1505 malma
1126 1431 1269 1504 tendere
1285 1451 1347 1502 nun

142 1575 146 1584 ·
217 1565 219 1568 ’
272 1550 403 1634 potest.
424 1533 529 1606 Idem
542 1532 594 1606 ait
609 1535 648 1606 in
663 1561 701 1633 p.
725 1562 737 1607 ι
760 1560 824 1633 qu.
839 1531 886 1604 62
901 1547 968 1606 art.
982 1531 1113 1609 8ad3.

676 1726 896 1788 inmensus
917 1725 975 1789 1v.
1087 1687 1089 1694 ’

277 1891 346 1978 De
374 1865 587 1992 Bonnam,
613 1913 656 1976 et
673 1889 834 1976 Malitia
854 1889 1008 1974 Morali
1034 1889 1203 1976 actuum
1217 1886 1348 1971 huma·

418 2038 570 2092 norum
587 2075 596 2108 ‚
612 2037 660 2091 ac
676 2005 729 2091 de
750 2006 960 2121 principiis
974 2004 1236 2091 Moralitatis.

785 2201 858 2299 51.

305 2383 349 2453 ln
366 2364 435 2483 qno
450 2379 568 2480 posita
582 2380 628 2454 sr't
640 2378 776 2453 malinis
790 2434 801 2469 ‚
815 2377 876 2477 rel
886 2378 1025 2454 bonnus
1037 2379 1138 2455 ectus
1152 2377 1204 2451 M
1201 2376 1331 2457 oratis?

278 2624 452 2703 XXXIV.
480 2572 612 2705 Circa
629 2639 797 2698 naturam
823 2623 1037 2699 Moralitatis
1064 2639 1216 2699 actuum
1233 2622 1349 2695 huma·

281 2750 416 2798 norum
441 2750 515 2798 non
534 2726 760 2798 conveniunt
778 2723 968 2822 Theologi.
987 2723 1061 2797 Alii
1092 2727 1194 2797 enim
1213 2718 1349 2801 dicunt,

281 2823 448 2897 sufficere
468 2824 516 2897 ad
538 2823 833 2897 constituendam
859 2822 1122 2909 Moralitatem,
1141 2820 1244 2921 qnod
1261 2830 1348 2890 actus

281 2924 329 2993 sit
352 2922 600 3010 voluntarius,
622 2947 691 2994 nec
713 2921 850 3021 requiri
869 2919 1078 2996 libertatem
1090 2916 1344 2993 indifferentiae.

281 3021 336 3093 ln
350 3018 522 3109 Gabriel,
544 3019 762 3106 Almainus‚
781 3020 949 3109 Ocham,
967 3023 1086 3120 Major
1099 3034 1169 3093 etc.
1187 3016 1261 3092 Alii
1277 3008 1344 3121 ⁰Pl‘

269 3134 432 3207 nentur,
450 3117 694 3191 moralitatem
713 3118 816 3191 actius
837 3117 1038 3191 formaliter
1051 3114 1293 3191 consisterein
1308 3107 1347 3178 lt·

283 3217 424 3289 bertate
438 3274 447 3301 ,
463 3230 499 3288 et
520 3216 616 3289 hanc
629 3243 714 3290 cum
731 3215 796 3289 illa
812 3216 1061 3289 confundunt.
1079 3217 1131 3289 ln
1146 3215 1348 3299 Franciscus

283 3314 412 3405 Felix,
440 3317 504 3413 qui
527 3316 677 3387 Scotum
698 3342 767 3413 pro
786 3313 996 3400 selaudat,
1049 3314 1223 3413 luresque
1238 3312 1346 3383 Patres

283 3413 483 3487 societatis.
502 3410 576 3485 Alii
589 3467 599 3499 ,
617 3410 659 3486 tn
672 3414 829 3504 saum,
848 3414 962 3513 Vasq.
977 3342 1076 3486 salas
1097 3426 1168 3486 etc.
1181 3414 1347 3486 asserunt,

284 3512 387 3586 illam
407 3536 483 3585 esse
503 3510 655 3609 praecisi
672 3512 870 3610 quamdam
884 3512 1124 3589 extrinsecam
1143 3506 1348 3583 denomina-

284 3614 422 3685 tionem
443 3609 673 3707 desumptam
691 3609 736 3682 ah
754 3609 877 3711 aliqua
896 3610 1012 3683 forma
1029 3611 1241 3683 extrinseca.
1260 3603 1346 3675 Tan·

285 3710 372 3782 dem
398 3708 597 3783 Thomistae
619 3709 799 3791 sentiunt,
828 3733 909 3781 eam
927 3734 1004 3781 esse
1024 3709 1115 3831 ‹pnid
1135 3693 1342 3781 accidentale

285 3836 327 3880 sn
359 3807 564 3881 eradditum
582 3809 738 3891 emirati,
752 3822 788 3879 et
802 3805 960 3880 libertati
978 3823 1092 3891 actus,
1106 3811 1213 3906 cujus
1227 3799 1347 3876 ratione

286 3836 400 3978 halect
426 3905 623 4005 specialem
650 3903 864 3978 relationem
896 3906 942 3977 ad
972 3902 1114 3978 bunum
1147 3903 1202 3976 vel
1232 3902 1345 3992 tegen-

285 4005 362 4078 Nos
382 4006 507 4077 missas
526 4004 697 4077 facientes
716 4003 929 4098 hujusmodi
958 3998 1347 4099 obscurasSchclaruut

286 4101 465 4200 loquendi
485 4103 659 4176 formulas
673 4101 884 4177 luculenter
897 4100 1053 4175 dicimus
1070 4128 1155 4177 cnm
1174 4107 1346 4172 commum

286 4199 594 4299 Theologornm,
625 4200 728 4302 quod
743 4201 905 4276 'Bonitas
928 4202 1070 4276 moralis
1098 4215 1197 4276 ectus
1215 4178 1349 4269 humant
