2900 4675
377 251 428 323 De
446 250 643 325 Voluntaria
660 252 944 324 etluvoluntaric.
1142 281 1202 350 ¹9?
1327 208 1334 324 ι.

117 361 292 438 cenchre!
306 364 342 437 in
357 369 509 466 quadam
532 366 777 463 conformitate
795 385 830 440 et
842 366 1084 441 convenientis
1099 376 1204 441 cctu's

115 462 222 537 liberi
232 491 309 537 cum
331 481 425 537 recta
442 466 599 554 tutione,
612 479 647 534 et
660 467 752 562 lege,
770 470 819 539 itii
838 481 878 540 ut
896 465 960 538 ille
978 482 1080 540 actus
1099 466 1204 539 ‹lica-

119 573 197 635 tur·
211 561 353 651 honus,
373 566 438 661 qui
455 578 510 636 eat
533 563 732 636 conformia
758 564 857 662 legi,
876 567 1072 637 etrationi.
1092 564 1204 639 Unde

115 658 154 730 S.
181 663 278 760 Aug.
304 660 370 734 lib.
389 660 434 733 de
452 660 608 734 utilitate
626 660 737 734 cred..
751 689 785 735 c.
808 690 848 735 ια
861 663 940 735 ait:
956 664 1103 733 Rectum
1109 661 1205 755 snr-

114 771 194 829 tum
214 761 309 831 nullo
338 757 442 831 modo
468 785 547 831 esse
556 775 696 858 potest,
722 762 817 857 quod
830 785 903 832 non
923 763 1054 844 crecta
1072 762 1206 832 rarione

109 856 357 954 pmficircitur.
377 860 433 930 Ex
449 858 601 931 adverso
618 858 756 931 malitia
773 857 922 938 moralis
936 859 1038 931 actim
1051 856 1212 931 humani·

116 954 292 1028 consistit
306 955 345 1027 iu
365 957 631 1055 discrepantia,
646 983 712 1029 seu
738 954 976 1029 difformitate
997 962 1204 1030 arrectam·

113 1050 235 1125 tione.
250 1054 399 1128 Dicitur
415 1054 534 1127 malus
547 1068 650 1128 actus
666 1053 752 1144 ille,
772 1057 835 1155 qui
850 1053 1208 1128 nonestsccunditm

114 1148 308 1225 dictamen
328 1140 615 1226 rectoe'rationis
639 1149 713 1226 sive
732 1155 931 1238 increatae,
961 1177 1045 1251 quae
1078 1168 1132 1224 est
1148 1152 1210 1225 lex

114 1263 288 1341 aeterna,
314 1249 391 1324 sive
417 1267 569 1339 creatae,
592 1250 694 1349 quod
717 1264 773 1325 est
798 1250 925 1323 lumen
939 1250 1112 1326 ¹naturale
1136 1251 1210 1323 ho·

113 1347 259 1439 minis,
288 1374 354 1422 acu
385 1351 618 1449 participatio
647 1349 737 1444 legis
768 1345 1150 1422 cternae‘secunttm
1169 1351 1205 1424 S.

116 1444 261 1519 Thom.
290 1474 321 1520 1.
341 1473 363 1519 a
384 1474 447 1545 qu.
467 1474 511 1548 9¹
533 1474 588 1520 ar.
611 1474 645 1521 π.
660 1449 827 1547 Utraque
857 1446 937 1519 haec
961 1449 1055 1520 ratio
1076 1461 1132 1519 est
1147 1471 1211 1519 re-

116 1545 209 1640 gula
222 1557 373 1617 actuum
389 1546 639 1621 humanorum
653 1602 662 1633 ,
678 1572 723 1619 ex
734 1569 807 1645 qua
823 1571 996 1619 mensura
1012 1545 1207 1636 bonitatis,

116 1640 178 1714 vel
195 1643 346 1717 malitiae
359 1643 460 1718 actim
473 1645 627 1717 humani
638 1644 855 1720 desumitur.
874 1644 929 1715 Ith
941 1646 1053 1717 Cont.
1068 1643 1209 1717 Tourn.

118 1739 184 1814 hic
204 1742 297 1842 Cap.
314 1740 439 1815 decet.
464 1770 477 1816 1
498 1756 535 1815 et
552 1741 771 1841 Philosophi
789 1739 1211 1828 morales‚i1tGenuan·

119 1840 167 1911 sis
192 1837 240 1912 de
261 1841 452 1940 principiis
478 1839 567 1938 legis
594 1840 744 1912 Naturae
764 1866 795 1913 c.
819 1840 860 1911 15
878 1840 910 1934 ἕ.
930 1865 966 1936 9.
982 1835 1157 1913 Purchot
1173 1855 1217 1913 ct·

119 1937 310 2010 Antonius
322 1938 498 2012 Murator.
512 1937 613 2011 Phil.
629 1936 760 2010 Moral.
776 1937 871 2010 c..23
886 1936 1044 2009 debono
1060 1937 1210 2028 morali,

121 2032 202 2109 aive
232 2034 407 2127 honesto,
429 2035 495 2109 uhi
523 2034 634 2110 Aristi
665 2061 780 2151 pum,
808 2034 1213 2133 Epicurum,Carnea-

120 2132 239 2219 dem,
264 2131 429 2233 aliosque
455 2146 593 2207 veteres
610 2062 882 2232 Philosophus,
912 2148 949 2206 et
970 2133 1079 2205 etihm
1112 2138 1212 2207 extri

120 2229 273 2304 Italiam
289 2232 503 2305 Nectericos
526 2231 708 2332 quosdam
734 2230 924 2328 reprobat,
947 2231 1012 2329 qui
1040 2244 1213 2303 naturam

121 2327 219 2406 Boni
242 2329 386 2404 honesti
405 2329 441 2403 ic
456 2330 534 2404 sola
551 2328 695 2402 utilitate
718 2327 904 2417 hominis,
924 2357 966 2404 ac
985 2327 1213 2429 Reipublicae

125 2430 363 2502 constituunt
384 2453 395 2521 3
425 2431 525 2528 juxth
551 2425 647 2501 illud
675 2422 805 2501 Horat.
834 2428 921 2526 Ipsa
935 2428 1215 2528 quoqueutilt'tas

80 2578 83 2583 -
118 2524 214 2623 justi
220 2526 331 2626 propri
344 2542 477 2613 maten,
492 2543 529 2598 et
545 2525 645 2625 equi.
661 2526 779 2600 Docet
799 2523 864 2598 itte
883 2526 938 2597 vir
953 2521 1186 2600 Clarissimus
1202 2582 1213 2613 ,

126 2638 300 2698 naturam
314 2623 405 2698 honi
419 2624 569 2700 Moralis
582 2622 691 2698 sitam
704 2622 835 2696 esseio
849 2649 916 2695 con
935 2623 1093 2695 ormitate
1106 2627 1215 2696 cotto·

130 2721 185 2796 nis
198 2748 279 2796 cum
288 2721 417 2820 legibus
431 2722 583 2810 Ordinis,
596 2748 697 2819 quem
715 2723 817 2793 Deus
833 2720 880 2791 ab
921 2716 1093 2792 ominibus
1105 2721 1218 2817 αξ

132 2843 192 2916 pro
209 2817 434 2911 suihonorr,
453 2834 489 2893 et
501 2817 693 2891 universali
701 2815 880 2899 debellate.
898 2815 997 2910 Quid
1026 2816 1090 2889 uid
1103 2818 1217 2917 igithr

132 2916 252 2992 tendit
269 2916 316 2990 ad
331 2918 398 2992 Dei
417 2917 591 3018 gloriam,
610 2929 649 2989 et
664 2940 786 2989 veram
804 2915 966 2989 hominis
983 2843 1213 3009 filieitatem,

129 3029 186 3095 eat
204 3016 393 3090 conforme
403 3014 537 3091 Ordini
554 3015 665 3088 hDeo
680 3027 835 3102 statuto,
853 3029 891 3086 et
906 3039 971 3113 per
984 3040 1215 3115 consequens

129 3113 354 3205 honestum,
374 3130 411 3189 et
424 3117 640 3189 virtuosum.
654 3116 689 3187 E
706 3113 890 3187 contrario
910 3111 1154 3212 judicandum
1169 3114 1217 3188 dc

128 3211 232 3285 malo
252 3211 399 3285 morali.

98 3324 101 3327 ’
178 3311 333 3387 XXXV.
351 3310 448 3384 Hinc
474 3310 630 3383 insertur
653 3336 666 3382 r
692 3307 796 3407 quud
811 3307 958 3382 nullum
975 3310 1118 3386 honum
1136 3338 1218 3383 mo·
1265 3396 1269 3408 Ι

132 3408 230 3496 rale,
250 3408 400 3502 nullum
417 3407 559 3483 malum
578 3402 736 3502 intelligi
748 3408 964 3502 tposait-siue
978 3410 1217 3510 respectuad

130 3512 269 3607 Legem
291 3507 421 3581 saltim
441 3506 661 3583 naturalem.
680 3506 776 3578 Hinc
794 3506 989 3604 Epicurei,
1007 3510 1072 3599 qui
1090 3534 1218 3582 omnes
1317 3520 1326 3533 ‘

133 3605 366 3681 sustulerunt
396 3605 519 3703 leges,
551 3600 749 3692 dicebant,
781 3604 958 3703 justitiam
984 3606 1220 3679 adinventam

134 3730 213 3781 esse
230 3718 331 3777 metu
346 3702 434 3776 mali
448 3703 615 3804 physici,
633 3728 675 3775 ac
691 3700 740 3773 ob
759 3705 841 3774 vitae
855 3703 1066 3790 utilitatem,
1081 3704 1126 3777 ht
1141 3706 1221 3779 Lu·

133 3817 226 3878 eret.
245 3801 394 3902 scripsit
416 3801 442 3875 l.
469 3804 505 3876 5.
524 3798 619 3875 ctum
641 3797 754 3896 vulgd
773 3799 934 3887 dicitur,
952 3801 1121 3900 quaedam
1142 3828 1220 3876 csse

133 3900 348 4003 prohibita,
364 3900 454 4000 quia
479 3898 601 3987 mala,
618 3898 671 3973 sic
693 3897 794 3973 recte
822 3914 890 3971 est.
905 3899 1190 3996 intelligendum
1208 3955 1221 3989 ,

135 3999 311 4101 quaedam
337 4024 414 4073 care
435 4024 503 4100 per
522 3997 558 4070 le
582 4024 642 4070 cm
659 3999 851 4096 positivam
877 3999 1008 4084 vetita,
1027 3998 1222 4099 irtrcpug-

116 4188 119 4195 Ι
136 4099 264 4174 nantia
276 4098 348 4195 legi
361 4095 531 4174 naturali.
579 4094 647 4169 ihil
656 4102 762 4170 enim
776 4111 830 4169 est
843 4095 1040 4176 intrinsece
1057 4097 1221 4198 nalum-,f

55 4208 59 4217 '
138 4197 259 4273 aium
276 4208 511 4297 comparetur
526 4194 655 4280 saltem
672 4196 745 4296 juri
769 4208 925 4281 naturae.
