<?xml version="1.0" encoding="UTF-8"?>
<!DOCTYPE html PUBLIC "-//W3C//DTD XHTML 1.0 Transitional//EN"
    "http://www.w3.org/TR/xhtml1/DTD/xhtml1-transitional.dtd">
<html xmlns="http://www.w3.org/1999/xhtml" xml:lang="en" lang="en">
 <head>
  <title>
</title>
<meta http-equiv="Content-Type" content="text/html;charset=utf-8" />
  <meta name='ocr-system' content='tesseract 3.04.00' />
  <meta name='ocr-capabilities' content='ocr_page ocr_carea ocr_par ocr_line ocrx_word'/>
</head>
<body>
  <div class='ocr_page' id='page_1' title='image "./theologiamorali06ligugoog_0130.png"; bbox 0 0 2900 4675; ppageno 0'>
   <div class='ocr_carea' id='block_1_1' title="bbox 278 199 1170 342">
    <p class='ocr_par' dir='ltr' id='par_1_1' title="bbox 278 199 1170 342">
     <span class='ocr_line' id='line_1_1' title="bbox 278 199 1170 342; baseline 0.003 -25"><span class='ocrx_word' id='word_1_1' title='bbox 278 269 339 317; x_wconf 80' lang='lat' dir='ltr'><strong>aaa</strong></span> <span class='ocrx_word' id='word_1_2' title='bbox 480 250 553 326; x_wconf 75' lang='lat' dir='ltr'><strong>Lib.</strong></span> <span class='ocrx_word' id='word_1_3' title='bbox 567 250 627 318; x_wconf 86' lang='lat' dir='ltr'><strong>IV.</strong></span> <span class='ocrx_word' id='word_1_4' title='bbox 642 250 691 318; x_wconf 84' lang='lat' dir='ltr'><strong>De</strong></span> <span class='ocrx_word' id='word_1_5' title='bbox 708 199 1090 342; x_wconf 65' lang='lat' dir='ltr'><strong>praeponebantur,</strong></span> <span class='ocrx_word' id='word_1_6' title='bbox 1108 269 1170 321; x_wconf 88' lang='lat' dir='ltr'><strong>etc.</strong></span> 
     </span>
    </p>
   </div>
   <div class='ocr_carea' id='block_1_2' title="bbox 167 361 1354 3186">
    <p class='ocr_par' dir='ltr' id='par_1_2' title="bbox 167 361 1354 3186">
     <span class='ocr_line' id='line_1_2' title="bbox 273 361 1354 463; baseline -0.001 -29"><span class='ocrx_word' id='word_1_7' title='bbox 273 389 293 426; x_wconf 65' lang='grc' dir='ltr'>υ</span> <span class='ocrx_word' id='word_1_8' title='bbox 324 387 499 452; x_wconf 77' lang='lat' dir='ltr'><strong>canaam,</strong></span> <span class='ocrx_word' id='word_1_9' title='bbox 527 361 586 436; x_wconf 81' lang='lat' dir='ltr'><strong>vel</strong></span> <span class='ocrx_word' id='word_1_10' title='bbox 613 376 793 462; x_wconf 79' lang='lat' dir='ltr'><strong>pervertat</strong></span> <span class='ocrx_word' id='word_1_11' title='bbox 820 363 1015 452; x_wconf 71' lang='lat' dir='ltr'><strong>tudinem,</strong></span> <span class='ocrx_word' id='word_1_12' title='bbox 1049 379 1147 463; x_wconf 85' lang='lat' dir='ltr'><strong>petat</strong></span> <span class='ocrx_word' id='word_1_13' title='bbox 1184 362 1354 436; x_wconf 73' lang='lat' dir='ltr'><strong>terminos</strong></span> 
     </span>
     <span class='ocr_line' id='line_1_3' title="bbox 278 459 1352 561; baseline -0.001 -33"><span class='ocrx_word' id='word_1_14' title='bbox 278 488 298 528; x_wconf 76' lang='lat' dir='ltr'><strong>u</strong></span> <span class='ocrx_word' id='word_1_15' title='bbox 326 463 614 559; x_wconf 81' lang='lat' dir='ltr'><strong>impertinentes,</strong></span> <span class='ocrx_word' id='word_1_16' title='bbox 631 459 896 534; x_wconf 85' lang='lat' dir='ltr'><strong>autdilationes</strong></span> <span class='ocrx_word' id='word_1_17' title='bbox 905 462 1120 561; x_wconf 81' lang='lat' dir='ltr'><strong>superfluas.</strong></span> <span class='ocrx_word' id='word_1_18' title='bbox 1141 462 1352 535; x_wconf 78' lang='lat' dir='ltr'><strong>rosil&#39;alana</strong></span> 
     </span>
     <span class='ocr_line' id='line_1_4' title="bbox 274 558 1351 659; baseline -0.005 -28"><span class='ocrx_word' id='word_1_19' title='bbox 274 588 293 624; x_wconf 67' lang='lat' dir='ltr'><strong>a</strong></span> <span class='ocrx_word' id='word_1_20' title='bbox 331 573 439 631; x_wconf 75' lang='lat' dir='ltr'><strong>testea</strong></span> <span class='ocrx_word' id='word_1_21' title='bbox 467 558 617 636; x_wconf 85' lang='lat' dir='ltr'><strong>inducat</strong></span> <span class='ocrx_word' id='word_1_22' title='bbox 644 559 739 633; x_wconf 88' lang='lat' dir='ltr'><strong>Vide</strong></span> <span class='ocrx_word' id='word_1_23' title='bbox 762 560 872 659; x_wconf 68' lang='lat' dir='ltr'><strong>Sayr:</strong></span> <span class='ocrx_word' id='word_1_24' title='bbox 891 562 929 632; x_wconf 86' lang='grc' dir='ltr'><strong>Ι.-</strong></span> <span class='ocrx_word' id='word_1_25' title='bbox 952 587 991 632; x_wconf 83' lang='lat' dir='ltr'><strong>ra</strong></span> <span class='ocrx_word' id='word_1_26' title='bbox 1022 584 1053 633; x_wconf 90' lang='lat' dir='ltr'><strong>c.</strong></span> <span class='ocrx_word' id='word_1_27' title='bbox 1081 564 1135 654; x_wconf 73' lang='lat'><strong>¹4·</strong></span> <span class='ocrx_word' id='word_1_28' title='bbox 1156 560 1245 631; x_wconf 69' lang='lat' dir='ltr'><strong>Fut.</strong></span> <span class='ocrx_word' id='word_1_29' title='bbox 1265 575 1291 632; x_wconf 83' lang='lat' dir='ltr'><strong>t.</strong></span> <span class='ocrx_word' id='word_1_30' title='bbox 1308 562 1351 650; x_wconf 73' lang='grc' dir='ltr'><strong>4ο</strong></span> 
     </span>
     <span class='ocr_line' id='line_1_5' title="bbox 274 656 1351 792; baseline -0.001 -63"><span class='ocrx_word' id='word_1_31' title='bbox 274 686 296 725; x_wconf 84' lang='lat' dir='ltr'><strong>u</strong></span> <span class='ocrx_word' id='word_1_32' title='bbox 324 683 355 731; x_wconf 87' lang='lat' dir='ltr'><strong>c.</strong></span> <span class='ocrx_word' id='word_1_33' title='bbox 382 679 425 792; x_wconf 62' lang='lat' dir='ltr'><strong>to</strong></span> <span class='ocrx_word' id='word_1_34' title='bbox 438 683 476 735; x_wconf 61' lang='lat' dir='ltr'><strong>nd</strong></span> <span class='ocrx_word' id='word_1_35' title='bbox 493 662 576 755; x_wconf 71' lang='lat'><strong>294.</strong></span> <span class='ocrx_word' id='word_1_36' title='bbox 591 658 694 730; x_wconf 79' lang='lat' dir='ltr'><strong>Trult</strong></span> <span class='ocrx_word' id='word_1_37' title='bbox 708 659 739 729; x_wconf 67' lang='lat' dir='ltr'><strong>⁴l.</strong></span> <span class='ocrx_word' id='word_1_38' title='bbox 755 659 821 732; x_wconf 86' lang='lat' dir='ltr'><strong>8c.</strong></span> <span class='ocrx_word' id='word_1_39' title='bbox 845 658 962 733; x_wconf 80' lang='lat' dir='ltr'><strong>(idub.</strong></span> <span class='ocrx_word' id='word_1_40' title='bbox 986 686 1014 732; x_wconf 88' lang='lat' dir='ltr'><strong>r.</strong></span> <span class='ocrx_word' id='word_1_41' title='bbox 1031 659 1049 695; x_wconf 76' lang='lat'>‘</span> <span class='ocrx_word' id='word_1_42' title='bbox 1069 663 1086 751; x_wconf 84' lang='grc'><strong>(</strong></span> <span class='ocrx_word' id='word_1_43' title='bbox 1095 658 1186 730; x_wconf 81' lang='lat' dir='ltr'><strong>Vide</strong></span> <span class='ocrx_word' id='word_1_44' title='bbox 1203 656 1312 728; x_wconf 82' lang='lat' dir='ltr'><strong>Salm.</strong></span> <span class='ocrx_word' id='word_1_45' title='bbox 1330 656 1351 728; x_wconf 82' lang='lat' dir='ltr'><strong>l.</strong></span> 
     </span>
     <span class='ocr_line' id='line_1_6' title="bbox 276 782 1043 830; baseline 0.005 -10"><span class='ocrx_word' id='word_1_46' title='bbox 276 782 294 820; x_wconf 61' lang='lat' dir='ltr'><strong>D</strong></span> <span class='ocrx_word' id='word_1_47' title='bbox 337 782 383 830; x_wconf 77' lang='lat' dir='ltr'><strong>C..</strong></span> <span class='ocrx_word' id='word_1_48' title='bbox 440 786 459 823; x_wconf 67' lang='lat' dir='ltr'><strong>ll</strong></span> <span class='ocrx_word' id='word_1_49' title='bbox 859 797 861 800; x_wconf 84' lang='grc'><strong>’</strong></span> <span class='ocrx_word' id='word_1_50' title='bbox 1041 803 1043 806; x_wconf 64' lang='grc'>’</span> 
     </span>
     <span class='ocr_line' id='line_1_7' title="bbox 218 759 1354 944; baseline -0.004 -19"><span class='ocrx_word' id='word_1_51' title='bbox 218 861 267 915; x_wconf 70' lang='lat'><strong>³3³</strong></span> <span class='ocrx_word' id='word_1_52' title='bbox 324 759 1354 944; x_wconf 60' lang='lat' dir='ltr'><strong>Quierlanrocurator,sibaheatrldrocatom,aut&#39;l&#39;a·</strong></span> 
     </span>
     <span class='ocr_line' id='line_1_8' title="bbox 275 947 1354 1067; baseline -0.001 -45"><span class='ocrx_word' id='word_1_53' title='bbox 275 947 496 1040; x_wconf 72' lang='lat' dir='ltr'><strong>hebionem,</strong></span> <span class='ocrx_word' id='word_1_54' title='bbox 510 953 574 1052; x_wconf 88' lang='lat' dir='ltr'><strong>qui</strong></span> <span class='ocrx_word' id='word_1_55' title='bbox 591 954 699 1048; x_wconf 85' lang='lat' dir='ltr'><strong>gratis</strong></span> <span class='ocrx_word' id='word_1_56' title='bbox 715 954 904 1040; x_wconf 72' lang='lat' dir='ltr'><strong>inueniat,</strong></span> <span class='ocrx_word' id='word_1_57' title='bbox 921 955 1036 1052; x_wconf 83' lang='lat' dir='ltr'><strong>possit</strong></span> <span class='ocrx_word' id='word_1_58' title='bbox 1049 960 1188 1049; x_wconf 79' lang='lat' dir='ltr'><strong>justum</strong></span> <span class='ocrx_word' id='word_1_59' title='bbox 1201 951 1354 1067; x_wconf 75' lang='lat' dir='ltr'><strong>pretium</strong></span> 
     </span>
     <span class='ocr_line' id='line_1_9' title="bbox 274 1045 1353 1151; baseline -0.002 -32"><span class='ocrx_word' id='word_1_60' title='bbox 274 1045 349 1120; x_wconf 75' lang='lat' dir='ltr'><strong>illis</strong></span> <span class='ocrx_word' id='word_1_61' title='bbox 363 1048 528 1122; x_wconf 86' lang='lat' dir='ltr'><strong>debitum</strong></span> <span class='ocrx_word' id='word_1_62' title='bbox 546 1050 615 1122; x_wconf 86' lang='lat' dir='ltr'>sibi</span> <span class='ocrx_word' id='word_1_63' title='bbox 636 1050 823 1135; x_wconf 73' lang='lat' dir='ltr'><strong>retinere?</strong></span> <span class='ocrx_word' id='word_1_64' title='bbox 839 1054 950 1150; x_wconf 87' lang='lat' dir='ltr'><strong>Resp.</strong></span> <span class='ocrx_word' id='word_1_65' title='bbox 969 1055 1132 1151; x_wconf 70' lang='lat' dir='ltr'><strong>negative</strong></span> <span class='ocrx_word' id='word_1_66' title='bbox 1150 1078 1160 1121; x_wconf 73' lang='grc' dir='ltr'><strong>ε</strong></span> <span class='ocrx_word' id='word_1_67' title='bbox 1182 1077 1214 1123; x_wconf 81' lang='lat' dir='ltr'><strong>st</strong></span> <span class='ocrx_word' id='word_1_68' title='bbox 1235 1046 1353 1122; x_wconf 80' lang='lat' dir='ltr'><strong>Advo-</strong></span> 
     </span>
     <span class='ocr_line' id='line_1_10' title="bbox 275 1145 1353 1250; baseline -0.001 -32"><span class='ocrx_word' id='word_1_69' title='bbox 275 1161 400 1236; x_wconf 82' lang='lat' dir='ltr'><strong>catus‚</strong></span> <span class='ocrx_word' id='word_1_70' title='bbox 426 1164 489 1228; x_wconf 83' lang='lat' dir='ltr'><strong>aut</strong></span> <span class='ocrx_word' id='word_1_71' title='bbox 516 1148 683 1221; x_wconf 86' lang='lat' dir='ltr'><strong>Tabellio</strong></span> <span class='ocrx_word' id='word_1_72' title='bbox 700 1152 860 1224; x_wconf 79' lang='lat' dir='ltr'><strong>serviant</strong></span> <span class='ocrx_word' id='word_1_73' title='bbox 872 1150 984 1247; x_wconf 83' lang='lat' dir='ltr'><strong>magia</strong></span> <span class='ocrx_word' id='word_1_74' title='bbox 999 1153 1038 1223; x_wconf 90' lang='lat' dir='ltr'><strong>in</strong></span> <span class='ocrx_word' id='word_1_75' title='bbox 1057 1151 1214 1250; x_wconf 78' lang='lat' dir='ltr'><strong>gratiam</strong></span> <span class='ocrx_word' id='word_1_76' title='bbox 1232 1145 1353 1220; x_wconf 83' lang='lat' dir='ltr'><strong>Clien-</strong></span> 
     </span>
     <span class='ocr_line' id='line_1_11' title="bbox 167 1244 1354 1346; baseline 0.003 -30"><span class='ocrx_word' id='word_1_77' title='bbox 167 1319 170 1325; x_wconf 15' lang='grc' dir='ltr'><strong>Δ</strong></span> <span class='ocrx_word' id='word_1_78' title='bbox 274 1246 337 1331; x_wconf 87' lang='lat' dir='ltr'><strong>tis,</strong></span> <span class='ocrx_word' id='word_1_79' title='bbox 358 1244 400 1316; x_wconf 86' lang='lat' dir='ltr'><strong>lrt</strong></span> <span class='ocrx_word' id='word_1_80' title='bbox 424 1246 520 1322; x_wconf 80' lang='lat' dir='ltr'><strong>Bon.</strong></span> <span class='ocrx_word' id='word_1_81' title='bbox 541 1247 677 1320; x_wconf 81' lang='lat' dir='ltr'><strong>Pauor.</strong></span> <span class='ocrx_word' id='word_1_82' title='bbox 699 1263 764 1320; x_wconf 81' lang='lat' dir='ltr'><strong>etc.</strong></span> <span class='ocrx_word' id='word_1_83' title='bbox 779 1274 856 1320; x_wconf 82' lang='lat' dir='ltr'><strong>cum</strong></span> <span class='ocrx_word' id='word_1_84' title='bbox 870 1246 979 1320; x_wconf 83' lang='lat' dir='ltr'><strong>Salm.</strong></span> <span class='ocrx_word' id='word_1_85' title='bbox 993 1275 1072 1346; x_wconf 84' lang='lat' dir='ltr'><strong>cap.</strong></span> <span class='ocrx_word' id='word_1_86' title='bbox 1088 1248 1110 1321; x_wconf 83' lang='lat'>5</span> <span class='ocrx_word' id='word_1_87' title='bbox 1127 1274 1164 1317; x_wconf 84' lang='lat' dir='ltr'><strong>n.</strong></span> <span class='ocrx_word' id='word_1_88' title='bbox 1178 1246 1219 1319; x_wconf 83' lang='lat'><strong>6.</strong></span> <span class='ocrx_word' id='word_1_89' title='bbox 1239 1245 1276 1317; x_wconf 81' lang='lat' dir='ltr'><strong>si</strong></span> <span class='ocrx_word' id='word_1_90' title='bbox 1291 1270 1354 1320; x_wconf 84' lang='lat' dir='ltr'><strong>att·</strong></span> 
     </span>
     <span class='ocr_line' id='line_1_12' title="bbox 274 1343 1354 1442; baseline -0.004 -28"><span class='ocrx_word' id='word_1_91' title='bbox 274 1357 350 1414; x_wconf 89' lang='lat' dir='ltr'><strong>tem</strong></span> <span class='ocrx_word' id='word_1_92' title='bbox 368 1345 527 1416; x_wconf 74' lang='lat' dir='ltr'><strong>serviant</strong></span> <span class='ocrx_word' id='word_1_93' title='bbox 544 1346 581 1416; x_wconf 91' lang='lat' dir='ltr'><strong>in</strong></span> <span class='ocrx_word' id='word_1_94' title='bbox 599 1344 751 1442; x_wconf 77' lang='lat' dir='ltr'>gratiam</span> <span class='ocrx_word' id='word_1_95' title='bbox 766 1345 877 1420; x_wconf 81' lang='lat' dir='ltr'><strong>simul</strong></span> <span class='ocrx_word' id='word_1_96' title='bbox 889 1346 1141 1420; x_wconf 86' lang='lat' dir='ltr'><strong>Procuratoris</strong></span> <span class='ocrx_word' id='word_1_97' title='bbox 1159 1401 1169 1429; x_wconf 84' lang='lat'><strong>‚</strong></span> <span class='ocrx_word' id='word_1_98' title='bbox 1188 1359 1226 1416; x_wconf 88' lang='lat' dir='ltr'><strong>et</strong></span> <span class='ocrx_word' id='word_1_99' title='bbox 1238 1343 1354 1416; x_wconf 84' lang='lat' dir='ltr'><strong>Clien-</strong></span> 
     </span>
     <span class='ocr_line' id='line_1_13' title="bbox 274 1440 1351 1543; baseline -0.001 -32"><span class='ocrx_word' id='word_1_100' title='bbox 274 1443 321 1512; x_wconf 86' lang='lat' dir='ltr'><strong>tis</strong></span> <span class='ocrx_word' id='word_1_101' title='bbox 341 1440 472 1513; x_wconf 89' lang='lat' dir='ltr'><strong>dicunt</strong></span> <span class='ocrx_word' id='word_1_102' title='bbox 490 1442 583 1515; x_wconf 82' lang='lat' dir='ltr'><strong>Bon.</strong></span> <span class='ocrx_word' id='word_1_103' title='bbox 605 1459 642 1514; x_wconf 82' lang='lat' dir='ltr'><strong>et</strong></span> <span class='ocrx_word' id='word_1_104' title='bbox 660 1443 771 1521; x_wconf 80' lang='lat' dir='ltr'><strong>Burs.</strong></span> <span class='ocrx_word' id='word_1_105' title='bbox 791 1443 870 1538; x_wconf 67' lang='lat' dir='ltr'><strong>idol.</strong></span> <span class='ocrx_word' id='word_1_106' title='bbox 891 1444 992 1543; x_wconf 90' lang='lat' dir='ltr'><strong>quod</strong></span> <span class='ocrx_word' id='word_1_107' title='bbox 1018 1458 1108 1520; x_wconf 87' lang='lat' dir='ltr'><strong>tunc</strong></span> <span class='ocrx_word' id='word_1_108' title='bbox 1133 1440 1231 1521; x_wconf 86' lang='lat' dir='ltr'>nihil</span> <span class='ocrx_word' id='word_1_109' title='bbox 1249 1444 1351 1513; x_wconf 74' lang='lat' dir='ltr'><strong>etiarn</strong></span> 
     </span>
     <span class='ocr_line' id='line_1_14' title="bbox 275 1536 1351 1639; baseline -0.004 -28"><span class='ocrx_word' id='word_1_110' title='bbox 275 1539 432 1612; x_wconf 82' lang='lat' dir='ltr'><strong>retinere</strong></span> <span class='ocrx_word' id='word_1_111' title='bbox 460 1540 592 1639; x_wconf 80' lang='lat' dir='ltr'><strong>possit,</strong></span> <span class='ocrx_word' id='word_1_112' title='bbox 613 1541 704 1639; x_wconf 68' lang='lat' dir='ltr'><strong>‘quia</strong></span> <span class='ocrx_word' id='word_1_113' title='bbox 733 1541 773 1613; x_wconf 92' lang='lat' dir='ltr'><strong>in</strong></span> <span class='ocrx_word' id='word_1_114' title='bbox 805 1539 919 1615; x_wconf 88' lang='lat' dir='ltr'><strong>dubio</strong></span> <span class='ocrx_word' id='word_1_115' title='bbox 949 1543 1080 1619; x_wconf 91' lang='lat' dir='ltr'><strong>melior</strong></span> <span class='ocrx_word' id='word_1_116' title='bbox 1109 1556 1165 1614; x_wconf 81' lang='lat' dir='ltr'><strong>est</strong></span> <span class='ocrx_word' id='word_1_117' title='bbox 1191 1536 1351 1613; x_wconf 88' lang='lat' dir='ltr'><strong>conditio</strong></span> 
     </span>
     <span class='ocr_line' id='line_1_15' title="bbox 260 1634 1351 1738; baseline 0.004 -30"><span class='ocrx_word' id='word_1_118' title='bbox 260 1636 428 1710; x_wconf 79' lang='lat' dir='ltr'><strong>,Clieutia</strong></span> <span class='ocrx_word' id='word_1_119' title='bbox 445 1693 454 1722; x_wconf 81' lang='grc'><em>,</em></span> <span class='ocrx_word' id='word_1_120' title='bbox 477 1639 541 1738; x_wconf 89' lang='lat' dir='ltr'><strong>qui</strong></span> <span class='ocrx_word' id='word_1_121' title='bbox 562 1638 735 1735; x_wconf 84' lang='lat' dir='ltr'><strong>possidet.</strong></span> <span class='ocrx_word' id='word_1_122' title='bbox 752 1637 823 1713; x_wconf 77' lang='lat' dir='ltr'><strong>sed</strong></span> <span class='ocrx_word' id='word_1_123' title='bbox 837 1643 852 1734; x_wconf 90' lang='lat'><strong>(</strong></span> <span class='ocrx_word' id='word_1_124' title='bbox 865 1639 989 1734; x_wconf 86' lang='lat' dir='ltr'><strong>addo)</strong></span> <span class='ocrx_word' id='word_1_125' title='bbox 1006 1641 1078 1713; x_wconf 93' lang='lat' dir='ltr'><strong>boc</strong></span> <span class='ocrx_word' id='word_1_126' title='bbox 1092 1640 1214 1713; x_wconf 84' lang='lat' dir='ltr'><strong>currit</strong></span> <span class='ocrx_word' id='word_1_127' title='bbox 1228 1638 1267 1709; x_wconf 90' lang='lat' dir='ltr'><strong>in</strong></span> <span class='ocrx_word' id='word_1_128' title='bbox 1285 1634 1351 1712; x_wconf 82' lang='lat' dir='ltr'><strong>du·</strong></span> 
     </span>
     <span class='ocr_line' id='line_1_16' title="bbox 274 1733 1350 1823; baseline -0.003 -15"><span class='ocrx_word' id='word_1_129' title='bbox 274 1733 336 1808; x_wconf 87' lang='lat' dir='ltr'><strong>bio</strong></span> <span class='ocrx_word' id='word_1_130' title='bbox 352 1760 362 1822; x_wconf 81' lang='lat'><em>3</em></span> <span class='ocrx_word' id='word_1_131' title='bbox 380 1762 484 1823; x_wconf 81' lang='lat' dir='ltr'><strong>narn,</strong></span> <span class='ocrx_word' id='word_1_132' title='bbox 504 1739 534 1809; x_wconf 81' lang='lat' dir='ltr'><strong>si</strong></span> <span class='ocrx_word' id='word_1_133' title='bbox 561 1763 645 1809; x_wconf 86' lang='lat' dir='ltr'><strong>vere</strong></span> <span class='ocrx_word' id='word_1_134' title='bbox 669 1739 732 1816; x_wconf 83' lang='lat' dir='ltr'><strong>fiat</strong></span> <span class='ocrx_word' id='word_1_135' title='bbox 755 1741 919 1812; x_wconf 76' lang='lat' dir='ltr'><strong>remissio</strong></span> <span class='ocrx_word' id='word_1_136' title='bbox 937 1741 1046 1814; x_wconf 74' lang='lat' dir='ltr'><strong>etiam</strong></span> <span class='ocrx_word' id='word_1_137' title='bbox 1066 1738 1207 1812; x_wconf 88' lang='lat' dir='ltr'><strong>intuitu</strong></span> <span class='ocrx_word' id='word_1_138' title='bbox 1224 1738 1350 1809; x_wconf 88' lang='lat' dir='ltr'><strong>Proco-</strong></span> 
     </span>
     <span class='ocr_line' id='line_1_17' title="bbox 274 1834 1350 1937; baseline -0.001 -32"><span class='ocrx_word' id='word_1_139' title='bbox 274 1836 432 1916; x_wconf 89' lang='lat' dir='ltr'><strong>ratoris‚</strong></span> <span class='ocrx_word' id='word_1_140' title='bbox 456 1860 523 1908; x_wconf 90' lang='lat' dir='ltr'><strong>cur</strong></span> <span class='ocrx_word' id='word_1_141' title='bbox 549 1834 614 1907; x_wconf 89' lang='lat' dir='ltr'><strong>illc</strong></span> <span class='ocrx_word' id='word_1_142' title='bbox 641 1837 796 1909; x_wconf 84' lang='lat' dir='ltr'><strong>retinere</strong></span> <span class='ocrx_word' id='word_1_143' title='bbox 822 1837 1048 1937; x_wconf 86' lang='lat' dir='ltr'><strong>noupoterit</strong></span> <span class='ocrx_word' id='word_1_144' title='bbox 1066 1836 1197 1909; x_wconf 84' lang='lat' dir='ltr'><strong>saltem</strong></span> <span class='ocrx_word' id='word_1_145' title='bbox 1218 1845 1350 1930; x_wconf 83' lang='lat' dir='ltr'><strong>partem</strong></span> 
     </span>
     <span class='ocr_line' id='line_1_18' title="bbox 274 1930 1349 2033; baseline -0.002 -31"><span class='ocrx_word' id='word_1_146' title='bbox 274 1933 381 2032; x_wconf 88' lang='lat' dir='ltr'><strong>pretii</strong></span> <span class='ocrx_word' id='word_1_147' title='bbox 408 1935 507 2026; x_wconf 72' lang='lat' dir='ltr'><strong>juxta</strong></span> <span class='ocrx_word' id='word_1_148' title='bbox 526 1934 753 2033; x_wconf 79' lang='lat' dir='ltr'><strong>prudentum</strong></span> <span class='ocrx_word' id='word_1_149' title='bbox 778 1933 1001 2007; x_wconf 81' lang='lat' dir='ltr'><strong>arbitrium?</strong></span> <span class='ocrx_word' id='word_1_150' title='bbox 1016 1933 1146 2021; x_wconf 85' lang='lat' dir='ltr'><strong>Modo,</strong></span> <span class='ocrx_word' id='word_1_151' title='bbox 1166 1930 1349 2026; x_wconf 82' lang='lat' dir='ltr'><strong>intellige,</strong></span> 
     </span>
     <span class='ocr_line' id='line_1_19' title="bbox 274 2028 1350 2129; baseline -0.005 -26"><span class='ocrx_word' id='word_1_152' title='bbox 274 2031 346 2103; x_wconf 83' lang='lat' dir='ltr'><strong>nisi</strong></span> <span class='ocrx_word' id='word_1_153' title='bbox 375 2028 523 2103; x_wconf 88' lang='lat' dir='ltr'><strong>donatio</strong></span> <span class='ocrx_word' id='word_1_154' title='bbox 554 2030 721 2106; x_wconf 70' lang='lat' dir='ltr'><strong>absolute</strong></span> <span class='ocrx_word' id='word_1_155' title='bbox 755 2032 819 2106; x_wconf 88' lang='lat' dir='ltr'><strong>fiat</strong></span> <span class='ocrx_word' id='word_1_156' title='bbox 845 2031 1007 2126; x_wconf 84' lang='lat' dir='ltr'><strong>Clieoti,</strong></span> <span class='ocrx_word' id='word_1_157' title='bbox 1038 2035 1176 2108; x_wconf 76' lang='lat' dir='ltr'><strong>etalio</strong></span> <span class='ocrx_word' id='word_1_158' title='bbox 1203 2029 1350 2129; x_wconf 77' lang='lat' dir='ltr'><strong>gratiam</strong></span> 
     </span>
     <span class='ocr_line' id='line_1_20' title="bbox 273 2130 1323 2202; baseline 0.006 0"><span class='ocrx_word' id='word_1_159' title='bbox 273 2130 537 2202; x_wconf 83' lang='lat' dir='ltr'><strong>Procuratoria.</strong></span> <span class='ocrx_word' id='word_1_160' title='bbox 1110 2143 1114 2157; x_wconf 82' lang='grc'><em>“</em></span> <span class='ocrx_word' id='word_1_161' title='bbox 1320 2160 1323 2178; x_wconf 88' lang='grc'><strong><em>·</em></strong></span> 
     </span>
     <span class='ocr_line' id='line_1_21' title="bbox 322 2225 1348 2317; baseline -0.001 -21"><span class='ocrx_word' id='word_1_162' title='bbox 322 2227 508 2317; x_wconf 79' lang='lat' dir='ltr'><strong>Qnaeritur</strong></span> <span class='ocrx_word' id='word_1_163' title='bbox 535 2228 580 2300; x_wconf 90' lang='lat' dir='ltr'><strong>II.</strong></span> <span class='ocrx_word' id='word_1_164' title='bbox 614 2228 672 2299; x_wconf 79' lang='lat' dir='ltr'><strong>An</strong></span> <span class='ocrx_word' id='word_1_165' title='bbox 697 2229 978 2302; x_wconf 80' lang='lat' dir='ltr'><strong>ai&#39;Procurator</strong></span> <span class='ocrx_word' id='word_1_166' title='bbox 1009 2227 1125 2303; x_wconf 86' lang='lat' dir='ltr'><strong>alium</strong></span> <span class='ocrx_word' id='word_1_167' title='bbox 1155 2225 1348 2302; x_wconf 79' lang='lat' dir='ltr'><strong>substituat</strong></span> 
     </span>
     <span class='ocr_line' id='line_1_22' title="bbox 273 2325 1351 2427; baseline 0.004 -29"><span class='ocrx_word' id='word_1_168' title='bbox 273 2326 576 2415; x_wconf 82' lang='lat' dir='ltr'><strong>Procuratorem,</strong></span> <span class='ocrx_word' id='word_1_169' title='bbox 602 2328 717 2425; x_wconf 77' lang='lat' dir='ltr'><strong>possit</strong></span> <span class='ocrx_word' id='word_1_170' title='bbox 745 2343 889 2427; x_wconf 86' lang='lat' dir='ltr'><strong>partem</strong></span> <span class='ocrx_word' id='word_1_171' title='bbox 916 2326 1038 2404; x_wconf 79' lang='lat' dir='ltr'><strong>salarii</strong></span> <span class='ocrx_word' id='word_1_172' title='bbox 1061 2325 1122 2403; x_wconf 90' lang='lat' dir='ltr'><strong>illi</strong></span> <span class='ocrx_word' id='word_1_173' title='bbox 1137 2326 1351 2409; x_wconf 60' lang='lat' dir='ltr'><strong>tradereet</strong></span> 
     </span>
     <span class='ocr_line' id='line_1_23' title="bbox 276 2418 1351 2528; baseline 0.001 -33"><span class='ocrx_word' id='word_1_174' title='bbox 276 2437 417 2521; x_wconf 87' lang='lat' dir='ltr'><strong>partem</strong></span> <span class='ocrx_word' id='word_1_175' title='bbox 442 2424 631 2499; x_wconf 76' lang='lat' dir='ltr'><strong>retinere?</strong></span> <span class='ocrx_word' id='word_1_176' title='bbox 661 2425 856 2502; x_wconf 87' lang='lat' dir='ltr'><strong>Affirmant</strong></span> <span class='ocrx_word' id='word_1_177' title='bbox 884 2424 1124 2528; x_wconf 81' lang='lat' dir='ltr'><strong>probabiliter</strong></span> <span class='ocrx_word' id='word_1_178' title='bbox 1144 2426 1258 2499; x_wconf 81' lang='lat' dir='ltr'><strong>Sulm.</strong></span> <span class='ocrx_word' id='word_1_179' title='bbox 1281 2418 1351 2512; x_wconf 66' lang='lat' dir='ltr'><strong>od</strong></span> 
     </span>
     <span class='ocr_line' id='line_1_24' title="bbox 274 2520 1351 2622; baseline -0.003 -31"><span class='ocrx_word' id='word_1_180' title='bbox 274 2547 310 2593; x_wconf 82' lang='lat' dir='ltr'><strong>rr.</strong></span> <span class='ocrx_word' id='word_1_181' title='bbox 330 2544 365 2618; x_wconf 90' lang='lat'><strong>7.</strong></span> <span class='ocrx_word' id='word_1_182' title='bbox 393 2548 480 2595; x_wconf 92' lang='lat' dir='ltr'><strong>cum</strong></span> <span class='ocrx_word' id='word_1_183' title='bbox 507 2520 608 2616; x_wconf 63' lang='lat' dir='ltr'><strong>Sars,</strong></span> <span class='ocrx_word' id='word_1_184' title='bbox 634 2523 748 2622; x_wconf 68' lang='lat' dir='ltr'><strong>Erpa,</strong></span> <span class='ocrx_word' id='word_1_185' title='bbox 774 2527 868 2620; x_wconf 76' lang='lat' dir='ltr'><strong>Aug.</strong></span> <span class='ocrx_word' id='word_1_186' title='bbox 896 2523 1005 2599; x_wconf 89' lang='lat' dir='ltr'><strong>modo</strong></span> <span class='ocrx_word' id='word_1_187' title='bbox 1033 2524 1145 2598; x_wconf 91' lang='lat' dir='ltr'><strong>illum</strong></span> <span class='ocrx_word' id='word_1_188' title='bbox 1162 2523 1351 2597; x_wconf 89' lang='lat' dir='ltr'><strong>admoneat</strong></span> 
     </span>
     <span class='ocr_line' id='line_1_25' title="bbox 274 2616 1349 2724; baseline -0.003 -33"><span class='ocrx_word' id='word_1_189' title='bbox 274 2616 321 2691; x_wconf 91' lang='lat' dir='ltr'><strong>de</strong></span> <span class='ocrx_word' id='word_1_190' title='bbox 336 2619 484 2713; x_wconf 76' lang='lat' dir='ltr'><strong>agendis</strong></span> <span class='ocrx_word' id='word_1_191' title='bbox 500 2676 509 2704; x_wconf 83' lang='lat'>‚</span> <span class='ocrx_word' id='word_1_192' title='bbox 524 2634 561 2693; x_wconf 86' lang='lat' dir='ltr'><strong>et</strong></span> <span class='ocrx_word' id='word_1_193' title='bbox 577 2623 657 2695; x_wconf 82' lang='lat' dir='ltr'><strong>ineu</strong></span> <span class='ocrx_word' id='word_1_194' title='bbox 689 2650 728 2695; x_wconf 88' lang='lat' dir='ltr'><strong>er</strong></span> <span class='ocrx_word' id='word_1_195' title='bbox 744 2624 921 2721; x_wconf 78' lang='lat' dir='ltr'><strong>suscipiat</strong></span> <span class='ocrx_word' id='word_1_196' title='bbox 934 2625 1012 2724; x_wconf 86' lang='lat' dir='ltr'><strong>ipse</strong></span> <span class='ocrx_word' id='word_1_197' title='bbox 1038 2625 1132 2695; x_wconf 87' lang='lat' dir='ltr'><strong>inse</strong></span> <span class='ocrx_word' id='word_1_198' title='bbox 1149 2618 1349 2720; x_wconf 87' lang='lat' dir='ltr'><strong>pericnlum</strong></span> 
     </span>
     <span class='ocr_line' id='line_1_26' title="bbox 274 2649 1349 2821; baseline 0 -32"><span class='ocrx_word' id='word_1_199' title='bbox 274 2743 420 2802; x_wconf 70' lang='lat' dir='ltr'><strong>caure,</strong></span> <span class='ocrx_word' id='word_1_200' title='bbox 453 2720 484 2790; x_wconf 85' lang='lat' dir='ltr'><strong>ai</strong></span> <span class='ocrx_word' id='word_1_201' title='bbox 511 2717 603 2792; x_wconf 81' lang='lat' dir='ltr'><strong>forte</strong></span> <span class='ocrx_word' id='word_1_202' title='bbox 636 2649 686 2796; x_wconf 65' lang='lat' dir='ltr'><strong>ob</strong></span> <span class='ocrx_word' id='word_1_203' title='bbox 726 2722 985 2821; x_wconf 82' lang='lat' dir='ltr'><strong>negligentiam</strong></span> <span class='ocrx_word' id='word_1_204' title='bbox 1017 2719 1215 2797; x_wconf 77' lang='lat' dir='ltr'><strong>substituti</strong></span> <span class='ocrx_word' id='word_1_205' title='bbox 1248 2740 1349 2792; x_wconf 78' lang='lat' dir='ltr'><strong>cauea</strong></span> 
     </span>
     <span class='ocr_line' id='line_1_27' title="bbox 275 2813 1350 2913; baseline -0.005 -26"><span class='ocrx_word' id='word_1_206' title='bbox 275 2817 488 2889; x_wconf 80' lang='lat' dir='ltr'><strong>amittatur:</strong></span> <span class='ocrx_word' id='word_1_207' title='bbox 506 2818 727 2893; x_wconf 85' lang='lat' dir='ltr'><strong>Procurator</strong></span> <span class='ocrx_word' id='word_1_208' title='bbox 752 2823 851 2895; x_wconf 88' lang='lat' dir='ltr'><strong>euim</strong></span> <span class='ocrx_word' id='word_1_209' title='bbox 881 2834 1025 2895; x_wconf 88' lang='lat' dir='ltr'><strong>tenetur</strong></span> <span class='ocrx_word' id='word_1_210' title='bbox 1044 2820 1154 2893; x_wconf 74' lang='lat' dir='ltr'><strong>etiim</strong></span> <span class='ocrx_word' id='word_1_211' title='bbox 1176 2843 1221 2893; x_wconf 84' lang='lat' dir='ltr'><strong>ex</strong></span> <span class='ocrx_word' id='word_1_212' title='bbox 1246 2813 1350 2913; x_wconf 82' lang='lat' dir='ltr'><strong>eirlpa</strong></span> 
     </span>
     <span class='ocr_line' id='line_1_28' title="bbox 273 2910 1351 2993; baseline 0.003 -9"><span class='ocrx_word' id='word_1_213' title='bbox 273 2913 345 2985; x_wconf 84' lang='lat' dir='ltr'><strong>leri</strong></span> <span class='ocrx_word' id='word_1_214' title='bbox 369 2916 465 2988; x_wconf 79' lang='lat' dir='ltr'><strong>oircb</strong></span> <span class='ocrx_word' id='word_1_215' title='bbox 485 2941 606 2988; x_wconf 82' lang='lat' dir='ltr'><strong>eausae</strong></span> <span class='ocrx_word' id='word_1_216' title='bbox 637 2918 891 2993; x_wconf 81' lang='lat' dir='ltr'><strong>defensionem</strong></span> <span class='ocrx_word' id='word_1_217' title='bbox 919 2918 1019 2993; x_wconf 87' lang='lat' dir='ltr'><strong>:Hio</strong></span> <span class='ocrx_word' id='word_1_218' title='bbox 1039 2920 1138 2992; x_wconf 90' lang='lat' dir='ltr'><strong>enim</strong></span> <span class='ocrx_word' id='word_1_219' title='bbox 1163 2910 1351 2989; x_wconf 78' lang='lat' dir='ltr'><strong>intervenit</strong></span> 
     </span>
     <span class='ocr_line' id='line_1_29' title="bbox 198 3008 1347 3116; baseline -0.003 -33"><span class='ocrx_word' id='word_1_220' title='bbox 198 3056 202 3064; x_wconf 40' lang='grc' dir='ltr'>ι</span> <span class='ocrx_word' id='word_1_221' title='bbox 272 3010 411 3112; x_wconf 85' lang='lat' dir='ltr'><strong>duplex</strong></span> <span class='ocrx_word' id='word_1_222' title='bbox 436 3029 645 3092; x_wconf 79' lang='lat' dir='ltr'><strong>contractus</strong></span> <span class='ocrx_word' id='word_1_223' title='bbox 679 3008 820 3116; x_wconf 77' lang='lat' dir='ltr'><strong>justus,</strong></span> <span class='ocrx_word' id='word_1_224' title='bbox 851 3043 947 3094; x_wconf 82' lang='lat' dir='ltr'><strong>unua</strong></span> <span class='ocrx_word' id='word_1_225' title='bbox 973 3043 1060 3093; x_wconf 87' lang='lat' dir='ltr'><strong>cum</strong></span> <span class='ocrx_word' id='word_1_226' title='bbox 1076 3016 1243 3106; x_wconf 88' lang='lat' dir='ltr'><strong>Cliente,</strong></span> <span class='ocrx_word' id='word_1_227' title='bbox 1262 3011 1347 3084; x_wconf 82' lang='lat' dir='ltr'><strong>alter</strong></span> 
     </span>
     <span class='ocr_line' id='line_1_30' title="bbox 272 3109 658 3186; baseline -0.005 -2"><span class='ocrx_word' id='word_1_228' title='bbox 272 3116 360 3184; x_wconf 80' lang='lat' dir='ltr'><strong>eutii</strong></span> <span class='ocrx_word' id='word_1_229' title='bbox 376 3109 594 3186; x_wconf 72' lang='lat' dir='ltr'><strong>substituto.</strong></span> <span class='ocrx_word' id='word_1_230' title='bbox 654 3110 658 3116; x_wconf 78' lang='grc'><strong>’</strong></span> 
     </span>
    </p>
   </div>
   <div class='ocr_carea' id='block_1_3' title="bbox 271 3197 1352 3705">
    <p class='ocr_par' dir='ltr' id='par_1_3' title="bbox 271 3197 1352 3705">
     <span class='ocr_line' id='line_1_31' title="bbox 322 3197 1351 3313; baseline -0.004 -30"><span class='ocrx_word' id='word_1_231' title='bbox 322 3211 508 3301; x_wconf 81' lang='lat' dir='ltr'><strong>Quaeritur</strong></span> <span class='ocrx_word' id='word_1_232' title='bbox 535 3210 598 3284; x_wconf 86' lang='grc' dir='ltr'><strong>ΙΙΙ.</strong></span> <span class='ocrx_word' id='word_1_233' title='bbox 619 3213 705 3299; x_wconf 74' lang='lat' dir='ltr'><strong>An,</strong></span> <span class='ocrx_word' id='word_1_234' title='bbox 721 3213 752 3284; x_wconf 85' lang='lat' dir='ltr'><strong>si</strong></span> <span class='ocrx_word' id='word_1_235' title='bbox 767 3213 992 3289; x_wconf 85' lang='lat' dir='ltr'><strong>Procurator</strong></span> <span class='ocrx_word' id='word_1_236' title='bbox 1007 3214 1085 3313; x_wconf 87' lang='lat' dir='ltr'><strong>ipse</strong></span> <span class='ocrx_word' id='word_1_237' title='bbox 1111 3238 1156 3287; x_wconf 81' lang='lat' dir='ltr'><strong>ae.</strong></span> <span class='ocrx_word' id='word_1_238' title='bbox 1166 3210 1295 3285; x_wconf 84' lang='lat' dir='ltr'><strong>offerat</strong></span> <span class='ocrx_word' id='word_1_239' title='bbox 1307 3197 1351 3275; x_wconf 85' lang='lat' dir='ltr'><strong>ad</strong></span> 
     </span>
     <span class='ocr_line' id='line_1_32' title="bbox 273 3297 1351 3412; baseline -0.003 -33"><span class='ocrx_word' id='word_1_240' title='bbox 273 3333 420 3381; x_wconf 80' lang='lat' dir='ltr'><strong>oausam</strong></span> <span class='ocrx_word' id='word_1_241' title='bbox 456 3311 656 3393; x_wconf 88' lang='lat' dir='ltr'><strong>tuendam,</strong></span> <span class='ocrx_word' id='word_1_242' title='bbox 683 3311 797 3410; x_wconf 76' lang='lat' dir='ltr'><strong>puscit</strong></span> <span class='ocrx_word' id='word_1_243' title='bbox 825 3316 962 3405; x_wconf 82' lang='lat' dir='ltr'><strong>justum</strong></span> <span class='ocrx_word' id='word_1_244' title='bbox 979 3312 1149 3412; x_wconf 64' lang='lat' dir='ltr'><strong>,pretinm</strong></span> <span class='ocrx_word' id='word_1_245' title='bbox 1174 3310 1311 3406; x_wconf 82' lang='lat' dir='ltr'><strong>exigere</strong></span> <span class='ocrx_word' id='word_1_246' title='bbox 1337 3297 1351 3371; x_wconf 77' lang='lat' dir='ltr'><strong>i</strong></span> 
     </span>
     <span class='ocr_line' id='line_1_33' title="bbox 271 3399 1349 3504; baseline -0.008 -23"><span class='ocrx_word' id='word_1_247' title='bbox 271 3406 347 3481; x_wconf 75' lang='lat' dir='ltr'><strong>attii</strong></span> <span class='ocrx_word' id='word_1_248' title='bbox 377 3422 533 3504; x_wconf 87' lang='lat' dir='ltr'><strong>negant;</strong></span> <span class='ocrx_word' id='word_1_249' title='bbox 564 3408 734 3480; x_wconf 78' lang='lat' dir='ltr'><strong>Bassoeus</strong></span> <span class='ocrx_word' id='word_1_250' title='bbox 764 3406 847 3482; x_wconf 82' lang='lat' dir='ltr'><strong>verb</strong></span> <span class='ocrx_word' id='word_1_251' title='bbox 875 3409 1057 3497; x_wconf 84' lang='lat' dir='ltr'><strong>affirmat,</strong></span> <span class='ocrx_word' id='word_1_252' title='bbox 1083 3410 1156 3485; x_wconf 85' lang='lat' dir='ltr'><strong>nisi</strong></span> <span class='ocrx_word' id='word_1_253' title='bbox 1186 3406 1232 3483; x_wconf 88' lang='lat' dir='ltr'><strong>ab</strong></span> <span class='ocrx_word' id='word_1_254' title='bbox 1252 3399 1349 3476; x_wconf 87' lang='lat' dir='ltr'><strong>initio</strong></span> 
     </span>
     <span class='ocr_line' id='line_1_34' title="bbox 275 3501 1352 3606; baseline -0.003 -29"><span class='ocrx_word' id='word_1_255' title='bbox 275 3505 438 3601; x_wconf 84' lang='lat' dir='ltr'><strong>animum</strong></span> <span class='ocrx_word' id='word_1_256' title='bbox 457 3505 628 3579; x_wconf 87' lang='lat' dir='ltr'><strong>habuerit</strong></span> <span class='ocrx_word' id='word_1_257' title='bbox 645 3532 752 3578; x_wconf 86' lang='lat' dir='ltr'><strong>suurn</strong></span> <span class='ocrx_word' id='word_1_258' title='bbox 772 3534 865 3606; x_wconf 78' lang='lat' dir='ltr'><strong>opus</strong></span> <span class='ocrx_word' id='word_1_259' title='bbox 883 3507 1136 3595; x_wconf 82' lang='lat' dir='ltr'><strong>donandi,rel</strong></span> <span class='ocrx_word' id='word_1_260' title='bbox 1149 3508 1218 3581; x_wconf 81' lang='lat' dir='ltr'><strong>nisi</strong></span> <span class='ocrx_word' id='word_1_261' title='bbox 1231 3501 1352 3578; x_wconf 72' lang='lat' dir='ltr'><strong>cliens</strong></span> 
     </span>
     <span class='ocr_line' id='line_1_35' title="bbox 274 3603 1349 3705; baseline -0.004 -27"><span class='ocrx_word' id='word_1_262' title='bbox 274 3606 323 3678; x_wconf 85' lang='lat' dir='ltr'><strong>ait</strong></span> <span class='ocrx_word' id='word_1_263' title='bbox 338 3607 495 3694; x_wconf 84' lang='lat' dir='ltr'><strong>amicus,</strong></span> <span class='ocrx_word' id='word_1_264' title='bbox 510 3603 565 3678; x_wconf 88' lang='lat' dir='ltr'><strong>vel</strong></span> <span class='ocrx_word' id='word_1_265' title='bbox 584 3606 900 3705; x_wconf 80' lang='lat' dir='ltr'><strong>consanguineus,</strong></span> <span class='ocrx_word' id='word_1_266' title='bbox 917 3621 954 3679; x_wconf 85' lang='lat' dir='ltr'><strong>et</strong></span> <span class='ocrx_word' id='word_1_267' title='bbox 972 3610 1194 3681; x_wconf 89' lang='lat' dir='ltr'><strong>Procurator</strong></span> <span class='ocrx_word' id='word_1_268' title='bbox 1210 3618 1349 3678; x_wconf 78' lang='lat' dir='ltr'><strong>causam</strong></span> 
     </span>
    </p>
   </div>
   <div class='ocr_carea' id='block_1_4' title="bbox 274 3691 1350 4201">
    <p class='ocr_par' dir='ltr' id='par_1_4' title="bbox 274 3691 1350 4201">
     <span class='ocr_line' id='line_1_36' title="bbox 279 3691 1348 3803; baseline 0.001 -30"><span class='ocrx_word' id='word_1_269' title='bbox 279 3703 374 3785; x_wconf 80' lang='lat' dir='ltr'><strong>rusci</strong></span> <span class='ocrx_word' id='word_1_270' title='bbox 404 3729 483 3776; x_wconf 84' lang='lat' dir='ltr'><strong>rena</strong></span> <span class='ocrx_word' id='word_1_271' title='bbox 503 3701 622 3789; x_wconf 89' lang='lat' dir='ltr'><strong>‚nibil</strong></span> <span class='ocrx_word' id='word_1_272' title='bbox 639 3702 684 3775; x_wconf 90' lang='lat' dir='ltr'><strong>de</strong></span> <span class='ocrx_word' id='word_1_273' title='bbox 701 3707 816 3803; x_wconf 86' lang='lat' dir='ltr'><strong>pretio</strong></span> <span class='ocrx_word' id='word_1_274' title='bbox 828 3706 1037 3801; x_wconf 85' lang='lat' dir='ltr'><strong>cogitaverit</strong></span> <span class='ocrx_word' id='word_1_275' title='bbox 1055 3762 1064 3794; x_wconf 80' lang='lat'>‚</span> <span class='ocrx_word' id='word_1_276' title='bbox 1079 3719 1171 3779; x_wconf 87' lang='lat' dir='ltr'><strong>tunc</strong></span> <span class='ocrx_word' id='word_1_277' title='bbox 1183 3702 1280 3776; x_wconf 88' lang='lat' dir='ltr'><strong>enim</strong></span> <span class='ocrx_word' id='word_1_278' title='bbox 1294 3691 1348 3766; x_wconf 75' lang='lat' dir='ltr'><strong>dl·</strong></span> 
     </span>
     <span class='ocr_line' id='line_1_37' title="bbox 275 3730 1349 3902; baseline 0.002 -32"><span class='ocrx_word' id='word_1_279' title='bbox 275 3816 365 3872; x_wconf 90' lang='lat' dir='ltr'><strong>cunt</strong></span> <span class='ocrx_word' id='word_1_280' title='bbox 378 3730 460 3876; x_wconf 73' lang='lat' dir='ltr'><strong>bt).</strong></span> <span class='ocrx_word' id='word_1_281' title='bbox 484 3803 646 3879; x_wconf 75' lang='lat' dir='ltr'><strong>censeri.</strong></span> <span class='ocrx_word' id='word_1_282' title='bbox 665 3829 750 3875; x_wconf 89' lang='lat' dir='ltr'><strong>enm</strong></span> <span class='ocrx_word' id='word_1_283' title='bbox 764 3803 920 3877; x_wconf 70' lang='lat' dir='ltr'><strong>voluisse</strong></span> <span class='ocrx_word' id='word_1_284' title='bbox 935 3804 1044 3902; x_wconf 86' lang='lat' dir='ltr'><strong>gratis</strong></span> <span class='ocrx_word' id='word_1_285' title='bbox 1061 3802 1270 3877; x_wconf 78' lang='lat' dir='ltr'><strong>defendere·</strong></span> <span class='ocrx_word' id='word_1_286' title='bbox 1284 3783 1349 3864; x_wconf 67' lang='lat' dir='ltr'><strong>Sed</strong></span> 
     </span>
     <span class='ocr_line' id='line_1_38' title="bbox 274 3899 1350 4003; baseline -0.003 -32"><span class='ocrx_word' id='word_1_287' title='bbox 274 3904 539 4000; x_wconf 75' lang='lat' dir='ltr'><strong>egotamqubm</strong></span> <span class='ocrx_word' id='word_1_288' title='bbox 553 3899 678 3973; x_wconf 85' lang='lat' dir='ltr'><strong>minirs</strong></span> <span class='ocrx_word' id='word_1_289' title='bbox 695 3901 948 4003; x_wconf 75' lang='lat' dir='ltr'><strong>sapieuadico.</strong></span> <span class='ocrx_word' id='word_1_290' title='bbox 960 3899 1061 4002; x_wconf 90' lang='lat' dir='ltr'><strong>qnod</strong></span> <span class='ocrx_word' id='word_1_291' title='bbox 1069 3903 1294 3982; x_wconf 82' lang='lat' dir='ltr'><strong>Procurator,</strong></span> <span class='ocrx_word' id='word_1_292' title='bbox 1304 3911 1350 3961; x_wconf 81' lang='lat'><strong>1¹¹·</strong></span> 
     </span>
     <span class='ocr_line' id='line_1_39' title="bbox 275 3996 1348 4099; baseline 0.004 -31"><span class='ocrx_word' id='word_1_293' title='bbox 275 3996 413 4071; x_wconf 75' lang='lat' dir='ltr'><strong>ricertd</strong></span> <span class='ocrx_word' id='word_1_294' title='bbox 425 4001 528 4080; x_wconf 82' lang='lat' dir='ltr'><strong>aciat.</strong></span> <span class='ocrx_word' id='word_1_295' title='bbox 544 4024 582 4071; x_wconf 84' lang='lat' dir='ltr'><strong>ae</strong></span> <span class='ocrx_word' id='word_1_296' title='bbox 592 3997 862 4074; x_wconf 75' lang='lat' dir='ltr'><strong>donlaaeauum</strong></span> <span class='ocrx_word' id='word_1_297' title='bbox 877 3998 1052 4088; x_wconf 83' lang='lat' dir='ltr'><strong>laborem,</strong></span> <span class='ocrx_word' id='word_1_298' title='bbox 1065 4024 1210 4099; x_wconf 78' lang='lat' dir='ltr'><strong>semper</strong></span> <span class='ocrx_word' id='word_1_299' title='bbox 1223 4002 1348 4088; x_wconf 72' lang='lat' dir='ltr'><strong>iustum</strong></span> 
     </span>
     <span class='ocr_line' id='line_1_40' title="bbox 277 4084 1348 4201; baseline -0.001 -34"><span class='ocrx_word' id='word_1_300' title='bbox 277 4097 436 4193; x_wconf 86' lang='lat' dir='ltr'><strong>pretium</strong></span> <span class='ocrx_word' id='word_1_301' title='bbox 453 4099 620 4198; x_wconf 84' lang='lat' dir='ltr'><strong>recipere</strong></span> <span class='ocrx_word' id='word_1_302' title='bbox 642 4101 774 4198; x_wconf 72' lang='lat' dir='ltr'><strong>poscit,</strong></span> <span class='ocrx_word' id='word_1_303' title='bbox 794 4124 904 4175; x_wconf 82' lang='lat' dir='ltr'><strong>nemo</strong></span> <span class='ocrx_word' id='word_1_304' title='bbox 920 4101 1020 4179; x_wconf 85' lang='lat' dir='ltr'><strong>enim</strong></span> <span class='ocrx_word' id='word_1_305' title='bbox 1039 4101 1271 4201; x_wconf 76' lang='lat' dir='ltr'><strong>presumitur</strong></span> <span class='ocrx_word' id='word_1_306' title='bbox 1285 4084 1348 4160; x_wconf 75' lang='lat' dir='ltr'><strong>dt·</strong></span> 
     </span>
    </p>
   </div>
   <div class='ocr_carea' id='block_1_5' title="bbox 0 0 1454 4675">
    <p class='ocr_par' dir='ltr' id='par_1_5' title="bbox 0 0 1454 4675">
     <span class='ocr_line' id='line_1_41' title="bbox 0 0 1454 4675; baseline 0 0"><span class='ocrx_word' id='word_1_307' title='bbox 0 0 1454 4675; x_wconf 95' lang='lat' dir='ltr'><strong> </strong></span> 
     </span>
    </p>
   </div>
  </div>
 </body>
</html>
