2900 4675
269 316 350 409 cap.
363 316 405 384 ll.
416 312 504 385 out.
514 313 557 384 lh
574 311 625 383 tte
640 317 790 386 Ministro
805 315 1092 386 Sscrsmedtoritni.
1158 309 1220 400 345
1243 343 1249 352 ·

147 441 211 498 sun
228 425 401 525 obligatio
418 429 466 501 sit
488 426 668 527 impedire
685 444 834 529 paccata
852 431 974 503 ovium
991 451 1157 501 suarum.
1174 430 1224 501 Et

147 526 250 622 qnod
271 528 430 601 dicimus
451 528 498 599 dc
516 528 708 615 Perocho,
733 527 934 605 dicendum
960 529 1153 600 estetiom·
1177 526 1223 599 de

148 624 323 715 testibus3
344 628 408 726 qui
435 641 556 702 tannen
573 629 662 700 satis
675 641 937 701 excusarentur
955 632 973 698 i
1001 640 1150 721 peccato
1166 653 1183 709 ,ἐ
1193 630 1224 697 si

145 725 356 797 assisterent
372 726 500 798 coacti
526 741 625 798 metu
654 726 752 820 gravi
765 781 775 814 ,
790 749 875 802 cum
892 724 962 823 ipsi
975 749 1050 796 non
1079 738 1226 795 teneam

147 833 231 906 tur,
255 823 326 896 nisi
343 849 385 894 ex
408 821 585 896 charitate
601 882 608 906 ,
625 822 803 918 impedire
818 835 1026 922 peccatum
1038 821 1225 894 Parochus

147 932 270 993 nutem
296 923 403 991 etiim
431 918 740 1023 excusaripotcst
766 921 814 994 sd
842 919 1027 994 vitandam
1045 934 1224 1007 mortem,

147 1014 204 1090 vel
231 1018 302 1091 clia
329 1023 492 1116 graviore
520 1023 614 1096 inula
644 1020 948 1102 communitatis,
975 1017 1027 1089 tel
1061 1020 1229 1118 ipsorum

148 1116 444 1189 contrahentium
462 1173 470 1201 ,
494 1132 583 1218 puta
608 1141 655 1192 ne
672 1119 740 1220 ipsi
760 1133 993 1220 perseverent
1008 1117 1047 1188 in
1062 1129 1225 1215 peccator:

146 1213 323 1287 Proeterei
351 1219 436 1288 sotis
462 1232 684 1292 excusentur
714 1222 747 1289 is.
766 1215 876 1315 culpa
893 1214 1083 1302 ‚Perochi,
1114 1211 1156 1285 ht
1178 1215 1230 1285 nit

145 1310 272 1409 Loym.
299 1314 336 1387 d.
365 1341 401 1386 n.
421 1316 455 1387 8.
483 1317 545 1411 qui
575 1317 751 1393 assistunt
774 1311 1013 1402 Matrimoniis
1035 1312 1230 1386 Haeretico·

147 1432 231 1482 rum
243 1409 281 1483 in
303 1411 416 1502 locis,
431 1411 495 1486 ubi
508 1429 563 1487 est
576 1413 824 1501 consuetudo,
839 1427 875 1485 et
894 1412 996 1484 mixti
1010 1425 1099 1483 sunt
1110 1411 1231 1484 Haerc-

149 1508 213 1581 tici
230 1533 314 1581 cum
328 1509 527 1584 Catholicis
543 1570 551 1599 ,
570 1518 669 1609 juxti
687 1532 772 1584 mon
789 1510 944 1583 dicendo
964 1511 1001 1582 in
1022 1524 1129 1606 qucst
1150 1533 1227 1606 seq.

198 1609 349 1681 Certum
378 1624 433 1681 est
459 1622 606 1701 tumen,
624 1610 726 1710 quod
754 1608 916 1682 Perochi·
931 1609 970 1682 in
989 1606 1228 1682 Matrimoniis
1246 1691 1262 1709 v

148 1704 411 1780 contrahendis
427 1722 621 1784 teneantur
634 1735 676 1786 ex
690 1706 810 1782 officio
827 1707 1035 1803 inquirere,
1054 1731 1099 1778 au
1113 1701 1232 1779 subsit
1264 1704 1268 1710 ’

148 1800 303 1902 aliquod
320 1804 684 1904 impedimentum,et
696 1809 725 1878 si
742 1803 980 1903 ptohsbiliter
995 1803 1091 1876 illud
1106 1802 1230 1875 subes-

149 1927 188 1973 se
203 1902 392 2001 judicent,
408 1918 599 1979 teneantur
615 1931 718 1978 sunm
732 1907 967 1977 assistentiam
982 1901 1182 2002 denegare,
1196 1917 1232 1973 et

149 2006 296 2100 nuptias
316 2015 455 2092 vetars,
476 2003 594 2078 donec
613 2002 743 2077 saltem
796 2029 833 2075 er
849 2000 1089 2076 Ordinnrium
1106 1997 1252 2072 decer·'

147 2113 280 2182 netur,
299 2098 388 2198 quid
407 2102 455 2174 sit
473 2103 667 2201 egendum,
690 2104 743 2175 lu
760 2027 891 2173 donch.
913 2099 957 2171 de
973 2100 1085 2170 Matr,
1105 2099 1127 2169 l.
1147 2099 1229 2171 31).

154 2201 243 2289 idn.
259 2200 293 2269 8.
305 2199 414 2272 stote
426 2203 448 2272 l.
468 2201 544 2291 (ips
567 2229 579 2275 ι
595 2226 630 2274 n.
652 2205 713 2297 ¹47
732 2198 875 2296 ctLugo
891 2198 939 2271 D.
957 2202 1029 2272 812.
1048 2199 1130 2270 205.
1144 2223 1230 2271 cum

148 2293 237 2371 Led.
264 2299 378 2396 Vego,
404 2317 447 2375 et¹
464 2300 544 2374 aliis
573 2299 832 2374 communiter.
858 2296 949 2369 ltem
971 2297 1021 2369 nit
1039 2294 1134 2394 Lupo
1153 2296 1177 2366 l.
1200 2321 1230 2368 e.

147 2421 226 2466 oum
243 2397 365 2468 Cottio.
384 2400 536 2493 (contra
554 2398 666 2491 alios)
686 2396 788 2496 quod
804 2453 815 2482 ,
833 2399 863 2470 si
887 2395 1105 2469 Ordinnrius
1120 2393 1232 2468 habet

148 2493 334 2566 scientiam
364 2497 618 2595 impedimenti
647 2497 809 2584 occulti,
838 2494 977 2566 etihmsi
1006 2518 1080 2565 non
1111 2507 1233 2590 posset

149 2590 244 2664 illud
265 2582 440 2692 prohere,
459 2612 626 2670 tenentur
644 2593 919 2671 Matrimonium
936 2589 1145 2692 prohibere.
1210 2638 1215 2651 ·

195 2693 379 2782 Quaeritur
399 2697 431 2765 5.
452 2697 531 2782 An,
548 2696 576 2764 si
595 2719 689 2765 rinus
709 2718 927 2791 sponsorum
949 2693 995 2761 sit
1008 2688 1272 2787 publicem-55

147 2788 306 2885 dignus,
326 2795 439 2888 possit
456 2792 547 2864 alter
567 2790 842 2865 Matrimonium
864 2814 949 2860 cum
970 2790 1051 2884 ipso
1066 2788 1178 2873 inire,
1196 2802 1234 2861 et

147 2905 417 2987 consequenter
433 2892 707 2963 Sacramentum
726 2889 759 2961 ci
777 2887 983 2959 ministrare
997 2887 1012 2957 ,Ρ
1025 2886 1094 2957 Hic
1109 2886 1233 2958 adver·

145 2987 299 3060 tendum
315 3044 324 3071 ,
341 2989 442 3086 quod
457 3015 499 3060 cx
515 2987 656 3088 duplici
674 2990 792 3085 capite
806 2989 921 3087 possit
934 2986 1015 3057 talis
1031 2983 1232 3082 indignitas

147 3093 360 3185 provenire,
380 3087 436 3159 vol
457 3087 504 3159 ab
528 3086 927 3168 excommunicatione,
959 3082 1015 3155 rel
1035 3082 1083 3155 ab
1106 3083 1249 3182 aliquo·

147 3184 294 3258 mortali
313 3206 463 3285 peccato
481 3188 619 3284 sponsi·
636 3186 672 3258 Si
688 3177 845 3284 sponsus
861 3183 908 3255 sit
931 3180 1126 3278 indignus,
1147 3183 1234 3281 quis

130 3297 205 3356 -est
217 3287 587 3367 excommunicatus,
607 3284 662 3356 rel
684 3284 753 3353 erit
770 3279 941 3355 vitandus
953 3337 963 3367 ,
975 3297 1018 3354 ct
1031 3280 1234 3355 tnnc-certo
1253 3340 1257 3349 .

149 3381 323 3453 illicitum
341 3398 394 3455 est
410 3410 497 3456 cuns
515 3409 558 3455 eo
575 3381 816 3470 contrahere,
837 3382 922 3478 qnia
945 3406 1019 3453 non
1038 3376 1126 3452 licet
1146 3402 1234 3451 cum

152 3478 232 3574 ipso
246 3482 515 3554 communicare
527 3484 567 3553 in
581 3504 621 3553 re
631 3505 746 3563 sacra,
760 3478 933 3578 qualeest
943 3479 1233 3563 Sacramentum

150 3575 210 3646 vel
223 3578 290 3646 erit
300 3577 436 3649 tontum
450 3581 641 3668 toleratum
654 3593 787 3650 cttuuc
798 3575 1028 3679 probabilius
1041 3588 1096 3647 est
1109 3575 1232 3660 licere,

153 3672 195 3746 ist
209 3671 343 3745 docent
356 3673 485 3755 Srrnclz.
501 3678 546 3751 de
560 3680 671 3750 Matr.
689 3678 714 3747 l.
732 3701 752 3772 7
769 3677 857 3774 D.9
877 3699 912 3761 n.
934 3674 958 3748 8
979 3691 1014 3745 et
1030 3672 1128 3769 Lago
1144 3673 1190 3743 D.
1209 3677 1234 3748 8

150 3796 188 3845 n.
205 3775 286 3845 225.
303 3772 411 3845 etalii
427 3774 571 3871 plures,
587 3801 679 3873 qnos
691 3772 813 3861 sidere
827 3773 963 3874 poteris
975 3771 1232 3843 insrtdecens.

148 3873 175 3947 I.
191 3894 211 3970 7
225 3897 264 3941 n.
290 3872 367 3968 ¹39·
387 3873 480 3962 Quia
498 3873 706 3948 Concilium
723 3872 1003 3947 constantiense
1022 3868 1234 3943 indistincte

147 3971 328 4043 concessit
348 3968 541 4057 fidelibus,
562 3987 602 4045 nt
619 3986 770 4073 possent
784 3969 1057 4045 communicare
1077 3994 1163 4041 cum
1177 3994 1240 4042 ex·

153 4069 433 4142 communicetis
449 4068 623 4144 toleretis,
922 4076 928 4089 “

198 4166 235 4240 si
256 4184 380 4243 autem
407 4193 564 4273 sponsus
579 4168 833 4270 'sit'indignns
857 4166 907 4244 ob
924 4162 1078 4269 aliquod
1099 4190 1238 4267 pecco-s
