2900 4675
187 287 192 294 .
218 232 285 302 180
405 217 467 295 Lilr
486 227 542 296 .V.
559 228 610 294 De
621 224 755 294 Actibus
770 226 804 290 in
821 223 977 290 Humanis
991 244 1119 309 genere.

219 339 544 438 humouc(inquit
574 340 610 411 S.
638 336 712 410 Th.
741 364 754 410 1
788 362 886 503 zap
913 349 1015 408 rart.
1046 340 1132 430 1.),
1158 357 1309 432 quarum

219 440 328 512 homo
345 440 507 511 domimo
522 453 603 508 est:
623 452 679 508 est
701 449 820 524 autem
876 459 955 526 orreo
978 434 1141 506 dominus
1167 454 1311 503 suorum

220 555 360 611 actuum
368 561 435 632 per
445 536 634 621 rationem,
648 550 685 605 ct
699 519 947 618 uoluntatem...
961 530 1036 602 Illa
1052 535 1132 629 ergo
1150 530 1310 603 canones

213 635 354 734 proprie
369 633 534 706 humana
552 633 714 704 dicuutur
731 688 743 719 ,
760 656 837 729 quac
852 655 901 702 ec
926 630 1101 702 vuluntate
1118 628 1311 699 deliberata

213 731 424 836 procedunt.
449 732 504 804 Ut
528 734 626 803 enirn
653 733 747 802 actio
763 729 822 813 sit
853 727 1043 817 humana,
1070 729 1112 800 et*
1133 723 1311 810 nioralis,

220 856 370 905 necesse
384 844 439 902 est
454 886 462 914 ,
478 841 519 900 ut
535 826 780 927 intelligatur}
805 841 842 898 et
864 840 904 898 ut
919 825 1035 924 libere
1049 839 1197 928 agatur3
1215 823 1311 896 alte·

220 956 304 1004 rum
319 928 383 1001 ubi
396 927 498 1001 deest
510 926 567 999 rel
582 941 734 1026 propter
745 925 990 1023 ignorantiam
1004 921 1313 1004 involuntariam,

220 1027 277 1101 rel
304 1042 457 1128 propter
485 1026 745 1116 coactionem,
771 1021 893 1125 potius
923 1023 1169 1113 mechanica,
1195 1025 1313 1121 quam

222 1127 373 1201 moralia
393 1124 548 1197 dicenda
568 1135 670 1198 esu(
1126 1195 1131 1202 ,

269 1224 315 1297 ΙΙ.
342 1225 439 1296 Hinc
457 1222 642 1308 infertur,
663 1222 825 1294 actiones
839 1244 1000 1307 omnes,
1021 1244 1105 1318 quae
1126 1244 1202 1291 non
1218 1243 1314 1319 pro-

222 1316 400 1397 cedunta
424 1318 611 1392 voluntate
628 1320 789 1392 hominis
812 1317 1038 1405 deliberata,
1064 1321 1315 1391 communiter

224 1416 406 1520 appellari
423 1419 586 1492 actiones
604 1416 765 1491 hominis
780 1473 790 1499 ‚
807 1413 884 1489 nori
902 1409 1095 1490 humanas.

270 1519 336 1591 lll'.
373 1531 475 1589 actus
508 1516 664 1588 humani
697 1514 953 1614 multipliciter
982 1513 1206 1588 dividunter.
1235 1505 1316 1612 Alii

223 1618 324 1689 enim
351 1614 525 1687 dicuntur
550 1629 652 1686 actus
678 1613 833 1701 Eliciti,
863 1615 925 1686 alii
943 1613 1119 1709 Imperati
1144 1643 1153 1685 τ
1181 1637 1226 1686 ex
1252 1611 1315 1683 his

224 1715 377 1815 quidam
389 1715 567 1786 dicuntur
578 1712 678 1802 honi,
693 1710 937 1813 quidamveri)
947 1711 1045 1784 mali.
1056 1714 1113 1786 Ex
1124 1711 1231 1785 bonis
1247 1709 1316 1784 alii

224 1826 312 1887 sunt
325 1810 530 1896 naturales,
549 1811 612 1885 alii
624 1810 919 1913 supernaturales
935 1838 944 1882 z
960 1835 1003 1881 ex
1016 1806 1317 1910 supernaturali·

222 1913 295 1985 bns
330 1909 441 1996 vero,
468 1909 532 1982 alii
562 1925 651 1984 sunt
679 1909 858 1983 meritorii
887 1907 934 1981 de
960 1906 1164 2006 condigno,
1185 1908 1247 1979 alii
1266 1907 1317 1978 de

225 2034 403 2108 congruo.
433 2007 603 2081 Tandem
623 2007 686 2080 alii
702 2025 806 2081 actus
827 2006 982 2079 humani
997 2023 1084 2080 sunt
1099 2009 1316 2095 interiores,

226 2108 289 2181 alii
307 2104 393 2181 reri>
408 2106 617 2180 exteriores.
632 2108 688 2180 De
756 2104 840 2178 ibus
856 2105 1084 2201 singillatim.
1203 2121 1206 2127 '

264 2206 339 2279 JV.
366 2207 481 2278 Actus
496 2203 681 2278 humanus
697 2131 835 2298 <ligitur
853 2204 1005 2290 elicitus,
1022 2200 1318 2303 quiimmediate

225 2308 248 2376 a
265 2302 454 2377 voluntate
471 2302 663 2403 procedit;
681 2302 891 2400 cuiusmodi
906 2315 960 2375 est
976 2328 1103 2390 amor,
1121 2315 1158 2374 et
1173 2301 1319 2394 odium.

225 2404 372 2476 Dicitur
394 2402 584 2498 tirrperatus
611 2398 676 2474 ille
708 2417 836 2486 actus,
889 2402 926 2472 ui
951 2400 1103 2499 abipsa
1126 2398 1317 2474 voluntate

227 2500 477 2601 proficiscitur
495 2496 653 2573 mediate
671 2525 680 2591 ;
700 2428 971 2589 oternheim,
991 2500 1116 2599 loqui,
1129 2499 1313 2588 scribere,

228 2613 299 2672 etc.
313 2623 397 2699 quae
409 2598 618 2700 procedunt
631 2588 654 2676 a
664 2597 852 2672 voluntate
865 2599 1068 2696 imperante
1082 2596 1167 2669 alias
1182 2611 1320 2695 poten·

228 2698 296 2770 tias
313 2696 447 2795 nempe
464 2696 662 2785 matrices,
679 2697 727 2769 ad
747 2697 961 2795 hujusmodi
977 2693 1080 2767 aolus
1100 2695 1320 2770 eliciendos.

226 2795 277 2868 Hi
290 2810 393 2866 actus
407 2793 480 2868 sive
493 2793 606 2867 eliciti
621 2849 631 2883 ‚
647 2795 721 2869 sive
735 2795 906 2892 imperati
920 2793 963 2866 eo
976 2797 1068 2894 ipso,
1085 2794 1188 2893 quod
1199 2793 1323 2868 libere

258 2891 473 2965 rocedonta
501 2892 710 2977 voluntate,
730 2893 907 2967 dicuntur
924 2908 1025 2966 actus
1050 2894 1230 2978 morales,
1249 2906 1321 2965 sen

228 2920 335 3074 loni,
352 2989 411 3064 vel
424 2989 523 3063 mali.
539 2991 569 3062 Ii
587 2991 764 3065 dicuntur
775 2992 876 3078 boni,
892 2984 956 3091 qui
973 3006 1061 3085 sunt
1077 2993 1332 3065 consentanei·

229 3103 341 3161 rectae
371 3090 537 3161 rationi:
567 3090 632 3187 qui
663 3089 750 3164 vero
785 3088 1044 3175 dissentanei„
1078 3088 1321 3189 appellantur

229 3186 330 3261 mali.
357 3188 472 3261 Actus
506 3185 596 3258 boni
620 3187 926 3278 mactassent,
957 3188 1023 3286 qui
1051 3190 1143 3275 solis
1169 3203 1316 3261 naturae

229 3284 369 3360 viribus
399 3284 476 3356 fieri
514 3299 695 3383 possunt:
732 3285 1017 3382 Superncturolcs
1045 3285 1131 3360 vero
1167 3287 1322 3359 nonnisi

230 3384 366 3457 auxilio
393 3381 517 3480 gratiae
545 3382 629 3455 elici
653 3397 837 3482 possunt:
869 3382 912 3457 iit
935 3398 1039 3469 actus
1061 3384 1183 3474 Fidei,
1205 3383 1291 3484 Spei
1307 3441 1323 3473 ,

228 3480 375 3556 Amoris
403 3496 474 3553 etc.
496 3482 672 3555 Meritorii
693 3479 739 3553 de
769 3480 954 3579 condigno
972 3495 1077 3573 sunt,
1104 3483 1240 3583 quibus
1271 3508 1321 3555 ex

230 3581 368 3679 justitia
380 3604 520 3651 merces
534 3578 711 3654 debeturr
731 3580 785 3654 De
800 3605 964 3676 congruo
982 3579 1065 3653 vero
1080 3595 1167 3654 sunt
1182 3582 1208 3654 ii
1221 3638 1231 3664 ‚
1249 3581 1321 3680 qui

229 3678 372 3750 tantiam
396 3703 440 3751 ex
468 3676 634 3752 decentia
665 3677 873 3751 mercedem
900 3693 1100 3754 merentur.
1123 3678 1320 3752 Postremi)

228 3772 331 3849 a'ctos
351 3777 541 3849 interiores
564 3776 670 3850 nullo
685 3776 851 3849 sensibili
867 3778 970 3873 signo
989 3778 1180 3877 patefiunt.
1200 3779 1322 3852 Exte-

227 3876 341 3956 riores
360 3874 445 3949 verit
462 3889 587 3974 patent
606 3874 779 3950 exterius.
1297 3872 1303 3884 ’

277 3972 325 4045 V.
352 3970 419 4045 His
447 3974 681 4071 praenotatis,
706 3972 910 4047 dicendum
937 4000 1038 4047 nune
1061 3988 1116 4048 est
1134 3974 1181 4047 de
1203 3972 1325 4047 Prin-'-

225 4068 332 4168 cipiis
346 4069 554 4147 intrinsecis
568 4074 731 4151 Actunm
744 4074 1007 4151 humanorum.
1024 4074 1111 4151 Tria
1127 4088 1225 4161 sunt,
1237 4073 1320 4149 haec
