2900 4675
103 413 108 422 ,
359 329 410 397 De
425 329 619 400 voluntario
634 346 667 399 et
680 329 916 400 involuntario.
1117 329 1177 411 187ὶ

89 433 166 510 tori
174 494 184 526 ,
206 454 336 537 preter
352 443 489 536 culpam
507 442 562 539 fit
583 443 763 539 potientis.
778 442 882 538 Idem
898 441 1054 517 dicimus
1073 441 1177 516 insi·

90 534 541 639 mitibus'eontingentiis.
624 617 632 635 ,
1178 546 1182 550 ’

143 634 275 710 XVIII.
292 635 386 710 Dico
401 663 423 711 2
439 638 540 738 quod
551 635 726 714 violentia
744 639 935 713 secandum
949 633 1034 738 quid
1042 697 1054 727 ,
1072 654 1108 710 et
1119 638 1178 710 in·

87 733 1182 827 suffectanumtollat,seddumtaxatminuatvoluntarium}

89 821 202 905 Ratio
223 846 306 919 est,
334 833 420 932 qnia
440 834 505 909 ubi
532 835 702 910 voluntas
729 862 806 910 non
833 835 969 910 resistit
1025 833 1181 912 uantum

89 941 217 1101 potest
236 986 247 1018 ,
265 927 318 1005 ibi
338 947 501 1006 remanet
526 933 565 1006 in
587 949 689 1034 parte
709 933 833 1035 aliqua
855 936 946 1007 ratio
965 861 1177 1007 vdiuntarii.

124 1040 144 1100 t
168 1026 374 1103 secundirm
402 1036 577 1132 majorem
607 1033 664 1106 rel
680 1034 864 1126 minorem
878 1057 992 1131 quam
1009 1029 1180 1104 adhibuit

90 1125 318 1202 resitentiam
333 1184 343 1218 ,
360 1132 439 1245 ejus
460 1131 555 1234 actio
572 1133 643 1205 erit
659 1129 773 1232 magis
785 1129 845 1224 rel
860 1129 984 1203 minhs
1010 1129 1180 1204 volunta·

90 1225 170 1312 ria,
192 1238 228 1297 et
244 1225 454 1325 culpabitis.
489 1313 493 1322 ὓ
836 1233 839 1244 “

104 1339 108 1350 ’
143 1323 244 1397 XIX.
258 1326 438 1417 Quaerunt
454 1324 736 1427 htc'Theoiogi,
759 1326 883 1402 utrum
899 1325 1078 1402 voluntati
1092 1349 1181 1423 pos-

90 1420 145 1494 sit
170 1421 297 1496 inferri
327 1419 513 1497 violentia.
541 1424 816 1525 Respondemus
844 1425 1024 1512 breviter,
1043 1447 1185 1518 conce-³

91 1518 221 1592 dendo
243 1518 361 1621 qudad
380 1538 480 1593 actus
505 1522 714 1624 inperator,
744 1525 915 1624 negando
940 1524 1058 1626 quood
1082 1536 1181 1595 actus

55 1629 64 1640 '
90 1615 240 1692 elr‘cz'tos.
266 1621 319 1693 tu
341 1617 379 1692 S.
401 1619 433 1692 T
436 1618 473 1694 h.
492 1622 555 1695 eit.
575 1635 612 1725 q:
629 1647 679 1696 ar.
700 1619 724 1718 4
744 1621 791 1695 de
807 1620 949 1700 actibus
972 1620 1103 1695 elicitis
1119 1616 1183 1691 lo·

4 1790 5 1797 ,
92 1739 230 1824 quens.
251 1717 286 1791 S.
306 1716 473 1793 Anselm.
485 1721 530 1793 L.
545 1719 591 1816 de
608 1717 673 1792 tib.
690 1719 842 1812 arbitrio
863 1746 895 1792 c.
914 1721 939 1795 6
955 1719 1005 1793 ait
1020 1746 1030 1793 z
1046 1717 1182 1790 lartius

4 1860 5 1891 ι
90 1837 202 1888 nemo
218 1827 338 1912 potest
360 1817 465 1904 velle,
493 1817 575 1918 quio
603 1843 676 1890 non
698 1833 819 1913 potest
834 1813 918 1890 velle
935 1816 1072 1889 nollens
1087 1815 1182 1887 velles

4 1988 5 1995 ,
89 1912 229 2011 Neque
246 1915 323 2014 ipse
338 1914 437 1988 Deus
458 1917 587 2010 cogere
602 1929 723 2015 potest
740 1915 965 1991 voluntatem
980 1912 1103 2018 quhad
1121 1939 1181 1984 ac·

90 2025 156 2085 tus
175 2011 317 2086 elicitos
339 2025 348 2084 ὲ
372 2025 462 2086 tunc
480 2015 580 2087 enim
598 2015 768 2088 voluntas
784 2013 895 2087 vellet
911 2071 920 2098 ,
938 2027 974 2085 et
993 2010 1114 2087 nollet
1129 2011 1185 2089 si·'

90 2106 190 2183 mul.
217 2105 344 2183 Vellet
369 2112 469 2183 enim
491 2166 501 2202 ,
526 2131 569 2185 ex
587 2111 781 2213 hypothesi
803 2140 813 2183 τ
834 2109 952 2186 nollet
968 2107 1076 2199 verb,
1094 2108 1185 2211 quia‘

92 2206 170 2282 sibi
200 2207 341 2281 volenti
375 2225 637 2308 repugnaret;'
655 2211 756 2311 quod
785 2207 952 2310 implicat
979 2209 1020 2281 in
1056 2209 1185 2281 trimi«

4 2339 5 2404 ζ
92 2306 172 2382 nis.
194 2305 318 2382 Potest
348 2318 468 2382 tamen
499 2309 598 2385 Deus
622 2324 766 2384 mutare
797 2308 1048 2393 voluntatem,
1069 2319 1106 2382 et
1137 2325 1182 2381 ert

92 2405 250 2480 notente
273 2407 392 2480 facere
420 2402 609 2482 volentem
629 2408 862 2509 pergratiam
884 2408 1079 2484 efficacem.
1109 2405 1184 2479 Sed

93 2518 190 2585 tunc
209 2530 284 2593 non
303 2518 357 2578 est
371 2502 522 2604 cogere,
539 2508 605 2580 sed
622 2508 734 2580 veteri
754 2504 1005 2592 inclinationi,
1024 2505 1096 2621 pua
1111 2526 1187 2595 nef

94 2602 212 2689 lebat,
226 2626 356 2676 novam
372 2618 567 2703 suppetere
578 2604 870 2690 inclinationem,
884 2608 954 2705 qua
967 2602 1067 2691 velit,
1081 2600 1184 2701 quod

100 2703 206 2774 antei
234 2698 394 2775 nolebat.
422 2705 473 2776 Le
498 2718 579 2777 atur
604 2702 640 2778 S.
671 2698 744 2777 Th.
776 2730 814 2803 q.
844 2728 889 2775 πα
916 2703 963 2775 de
991 2701 1051 2775 rit.
1072 2700 1184 2774 arud

102 2800 222 2874 Gonet
237 2814 307 2875 etc.
320 2800 444 2874 Nhnc.
466 2729 512 2872 de
533 2796 647 2887 Metu.

152 2900 219 2972 XX
255 2902 372 2974 Metus
389 2897 589 2990 definitur,
609 2898 706 2998 quod
730 2896 779 2969 sit
801 2895 985 2986 instantes,
1005 2897 1062 2967 ael
1075 2892 1189 2981 futuri

91 2997 243 3095 pen'culr‘
255 3000 363 3069 rausd
381 2999 508 3070 menu's
523 2996 718 3095 trepidatio.
734 2998 778 3069 L.
810 2996 858 3067 ait
876 2992 1012 3069 Praet'or
1025 2992 1062 3066 ff.
1082 2990 1184 3092 quod

97 3093 221 3170 metris
245 3099 352 3169 causta
380 3109 524 3192 gestum
549 3096 629 3168 erit.
655 3093 861 3194 Loqnimur
891 3093 953 3167 hic
979 3091 1120 3165 tanthm
1137 3088 1184 3163 de

98 3208 203 3266 metu
233 3194 393 3293 cadente
416 3194 453 3266 in
483 3189 613 3273 virum¹
639 3206 891 3281 constantem,
920 3205 957 3271 et
1000 3191 1046 3264 de
1084 3203 1184 3263 metu·

98 3291 255 3365 ma’oris
269 3291 355 3364 mali
371 3348 381 3373 ,
400 3290 442 3365 iit
461 3293 511 3365 ait
525 3292 648 3366 Labeo
664 3291 733 3367 1.·5
753 3291 887 3364 eodem
901 3293 955 3364 tit.

149 3318 338 3467 dividitur
355 3392 471 3464 Metus
499 3393 553 3467 in,
587 3410 730 3476 mecm,
751 3410 815 3463 seu
832 3388 991 3488 justum,
1010 3400 1047 3460 et
1061 3386 1183 3458 levem.
1283 3466 1295 3487 s

98 3486 250 3566 Dicitur
271 3487 359 3563 levis
386 3504 503 3562 metus
536 3418 623 3579 ilie,
646 3487 710 3587 qui
728 3484 806 3560 ldve
832 3484 970 3560 rnatum
984 3486 1110 3573 timet,
1126 3481 1186 3577 vei

100 3589 208 3663 timet
237 3586 389 3688 quidem
419 3588 557 3661 malum
589 3610 713 3683 grave,
738 3586 804 3659 sed
832 3592 886 3661 ω(
907 3608 1014 3657 cansa
1038 3580 1131 3669 leti,
1149 3594 1187 3652 et

100 3686 153 3761 im
185 3685 356 3762 robabiii'.
390 3690 509 3762 Metus
533 3684 618 3759 verb
633 3672 907 3783 gravii'dicitur
923 3682 984 3757 itte
1005 3678 1070 3783 qui
1084 3683 1188 3755 timet

5 3796 6 3849 i
101 3714 246 3860 maium
269 3812 374 3886 grave
397 3812 440 3857 ex
459 3810 566 3857 cauae
584 3780 691 3856 valde
717 3775 916 3883 probabili.
933 3778 1188 3854 communiter

103 3884 422 3959 censentnraiicni
434 3882 657 3982 malagravia
676 3908 786 3970 mors,
804 3880 986 3953 mutilatio
1000 3875 1189 3951 membro-

102 4010 202 4067 rum,
218 3986 382 4055 enormia
393 3984 556 4068 verbera,
571 3982 685 4053 durus
696 4007 822 4059 carcer
833 3978 1009 4061 ,erilium
1021 3978 1189 4063 servitus,

103 4107 238 4180 magna
256 4078 426 4168 infamia,
443 4080 666 4181 proscriptio
679 4077 863 4152 bonorum
880 4132 889 4161 ,
907 4074 1041 4151 ablatio
1053 4075 1191 4147 instru-

101 4174 328 4257 ineptorum·
347 4180 433 4254 artis
453 4204 546 4270 sue,
565 4174 644 4253 sine
663 4177 800 4279 quibus
827 4190 903 4250 'non
920 4170 1193 4278 potestvictuoi
