2900 4675
245 292 311 366 330
394 295 468 372 Lm.
484 290 544 369 Vi.
561 298 671 366 Trnct.
686 298 714 365 l.
731 298 781 366 Dc
797 297 1008 368 sacramentis
1022 300 1056 368 iu
1071 319 1199 388 generet
1307 301 1318 346 ⁸
1334 357 1338 362 .

246 406 390 502 denda,
417 411 485 484 sed
498 410 671 509 praestituti
691 409 728 482 t'n
746 412 1025 486 administrando
1047 439 1092 485 ac
1104 409 1329 512 suscipiendo

245 505 310 583 SS.
329 508 558 582 Eueken'strie
576 509 816 584 Socrernento.
836 512 940 584 Ratio
963 508 1075 610 igitir
1094 524 1227 584 nostres
1241 533 1329 581 sen·

140 663 144 668 f
170 634 176 650 ·
244 604 370 680 nnus
384 620 464 693 est,
481 607 567 709 quia
585 607 762 681 Sacerdos
779 609 989 683 ministrans
1002 606 1273 683 Eucharistiam
1286 606 1328 679 in

245 703 416 808 mortali,
443 731 587 828 gravem
613 708 749 803 irrogat
764 709 940 805 iniuriam
968 707 1329 791 huicSacramento,

246 800 294 878 ed
316 803 415 904 quod
442 819 484 878 ut
504 803 668 880 Minister
694 807 742 879 nd
762 804 860 879 illud
882 802 1172 907 dispensandum
1196 827 1330 878 conse·

246 914 381 977 cretos
406 902 480 979 hoc
506 903 657 1002 indigne
682 905 887 980 ministrat:
909 907 957 978 Et
978 902 1077 978 siem
1098 906 1137 1002 in
1158 899 1241 976 aliis
1259 903 1330 974 Ss-

246 1001 444 1075 cramentis
458 1002 622 1076 Minister
633 1000 798 1103 proxime
816 1029 881 1104 per
891 1002 1161 1078 coniectionem
1171 1023 1329 1073 concur·

243 1099 294 1180 rit
309 1094 356 1171 nd
372 1101 695 1174 sanctificationem
710 1101 1009 1201 suscipientium,
1023 1101 1074 1173 ita
1087 1098 1149 1172 hic
1162 1094 1332 1199 proxime

246 1198 435 1272 concurrit
455 1224 519 1296 per
536 1198 874 1298 dispensationem,
893 1198 981 1273 cirm
1000 1199 1166 1273 Minister
1179 1196 1330 1272 Euchi-

243 1295 357 1387 tistiae
376 1321 451 1369 non
467 1297 579 1394 possit
591 1298 850 1373 irtMinistrum
862 1322 900 1370 te
914 1296 1086 1372 exhibere
1096 1296 1203 1369 aliter
1214 1298 1330 1410 quim

245 1416 314 1494 per
332 1391 668 1494 dispensationem,
689 1400 788 1493 juxti
808 1395 904 1470 iilud
921 1392 964 1469 Ι).
981 1396 1087 1470 Pauli
1110 1420 1140 1468 t.
1156 1392 1329 1468 conset.

244 1490 282 1585 4.
298 1490 358 1563 stc
374 1515 442 1565 nos
453 1492 632 1566 esrstt’rnet
642 1493 750 1567 homo
769 1499 808 1566 rit
826 1493 1014 1566 Mt'nirtros
1030 1491 1184 1583 Christi,
1199 1507 1236 1565 et
1247 1490 1332 1563 Dis·

239 1604 452 1686 pensatores
464 1590 712 1690 Myrtert‘orrr‘rn
728 1592 810 1666 Dei.
830 1592 907 1666 Nec
931 1589 1051 1665 obstat
1068 1590 1207 1680 dicere,
1224 1588 1329 1690 qnod

245 1683 422 1762 Sacerdos
451 1712 525 1763 non
556 1691 603 1763 sit
632 1687 823 1769 ichristo
842 1689 1028 1791 prtecipud
1049 1687 1249 1786 deputatus
1278 1686 1332 1761 ed

244 1781 518 1884 Eucharistiam
535 1788 829 1878 ministrandam,
850 1814 894 1862 ex
913 1811 971 1874 eu,
992 1786 1093 1888 quod
1110 1785 1200 1859 olim
1217 1785 1329 1859 etiim

243 1907 313 1986 per
329 1882 439 1959 laicos
453 1885 527 1961 hoe
550 1888 675 1966 fieret:
700 1887 795 1961 Nam
822 1885 910 1962 licet
924 1911 991 1989 per
1013 1885 1186 1961 accidens
1207 1887 1246 1958 in
1261 1909 1330 1958 ne·

212 2046 217 2054 .
245 1980 411 2057 cessitate
438 1978 511 2059 hoc
539 1985 640 2058 laicis
667 1987 887 2087 permissum
918 2000 995 2075 est,
1023 1982 1120 2058 sicirt
1149 1986 1259 2058 etism
1291 1995 1331 2058 et

242 2075 293 2157 ita
324 2086 451 2164 tinere.
467 2096 590 2157 tamen
610 2109 717 2158 nemo
737 2099 857 2184 potest
870 2107 1004 2183 negare
1020 2140 1029 2172 ,
1072 2083 1148 2156 uod
1163 2081 1329 2160 Minister

246 2204 290 2252 or
319 2181 455 2254 ‘nerins
465 2196 549 2255 etex
563 2181 683 2257 officio
694 2182 742 2256 ad
755 2182 1029 2256 Eucharistinm
1040 2109 1327 2278 dispensandam

222 2276 294 2352 ‘sit
306 2278 407 2352 solus
427 2278 627 2366 Sacerdos,
651 2279 705 2355 vel
725 2277 910 2356 Diaconos
924 2304 968 2355 ex
985 2279 1271 2356 commissione·

297 2377 397 2451 Hinc
415 2374 572 2452 diximus
590 2404 668 2451 cum
686 2383 848 2452 Mozzot.
868 2394 893 2454 t.
911 2379 986 2477 sp.
1006 2380 1066 2479 49.
1084 2374 1199 2451 Holz.
1212 2393 1240 2453 t.
1260 2402 1336 2472 sps

245 2472 272 2549 6
289 2500 325 2546 rr.
348 2473 395 2548 26
412 2476 513 2575 quod
533 2472 725 2550 celebrans
747 2478 787 2550 in
803 2477 950 2551 mortali
965 2492 1124 2576 quatuor
1137 2476 1329 2571 sacrilegia

247 2572 474 2660 committat,
499 2599 511 2648 r
530 2576 615 2674 qnia
633 2579 910 2649 Sacramentum
926 2576 1135 2665 conficit32
1203 2578 1332 2647 meus·

245 2668 361 2770 cipit;
386 2672 407 2745 3
435 2674 520 2774 quia
537 2680 720 2747 ministrat
740 2674 808 2748 sibi
825 2672 1005 2773 indigno,
1024 2672 1067 2747 irt
1084 2671 1155 2771 beta
1196 2670 1331 2749 adrer-

246 2778 332 2842 tont
351 2770 499 2845 Helzm.
524 2776 591 2846 loc·
617 2769 674 2846 eit.
699 2768 813 2867 ¹(ircim
835 2774 857 2845 l.
876 2770 903 2848 6
919 2768 960 2869 p}
982 2797 995 2847 t
1026 2796 1064 2871 tt.
1079 2770 1140 2871 93.
1156 2768 1258 2845 Smer.
1273 2770 1327 2843 D.

245 2866 293 2963 67
312 2883 397 2942 sect.
421 2897 431 2942 r
455 2884 493 2941 et
505 2869 603 2967 Lago
618 2870 664 2944 D.
685 2873 708 2944 8
725 2897 764 2944 rr.
787 2884 999 2971 t99e1202.
1017 2867 1105 2942 cim
1122 2869 1224 2943 enim
1233 2867 1334 2943 cele-

244 2958 358 3039 brans
381 2980 471 3040 tono
493 2967 584 3041 duas
615 2982 696 3067 agat
715 2983 867 3141 partes,
895 2967 1047 3042 aiteram
1079 2965 1123 3042 iit
1150 2990 1329 3055 sumens,

248 3057 403 3138 aiteram
432 3062 472 3137 irt
492 3067 656 3139 Minister
671 3125 679 3143 .
692 3067 714 3138 -i
744 3065 787 3140 ed
812 3065 889 3140 duo
906 3065 1095 3164 sacrilegia
1109 3064 1330 3158 committit,

247 3159 357 3263 proiit
377 3161 536 3237 diximus
552 3163 598 3237 de
614 3165 854 3240 contrahente
867 3165 1141 3271 Matrimpniom
1160 3166 1199 3238 in
1224 3188 1330 3238 mor-

244 3256 336 3348 tati,
369 3260 431 3359 qui
460 3261 675 3360 dupliciter·
692 3265 847 3360 graviter
868 3276 1017 3364 peccat,
1045 3265 1132 3365 quia
1152 3260 1330 3337 nimirirtn

247 3359 419 3460 suscipit,
446 3377 482 3432 et
504 3366 588 3459 quia
605 3363 789 3436 ministrat
806 3364 1092 3449 Sacramentum.
1107 3362 1162 3434 De
1180 3358 1238 3435 iris
1255 3360 1330 3437 tri·

246 3454 318 3532 irus
344 3457 540 3557 sacrilegiis
569 3465 641 3560 jam
673 3459 832 3535 diximus
858 3458 1329 3555 d'b«‚5n.114.d.8acriie··

217 3608 222 3620 .
247 3556 349 3656 giem
365 3561 577 3635 committit.
598 3560 682 3658 quia
700 3558 958 3632 Eucharistum
974 3559 1209 3632 ministratio
1222 3581 1328 3633 mor·

248 3651 333 3737 tali,
354 3651 471 3752 proiit
500 3676 585 3729 mox
618 3663 728 3756 supra
764 3655 1010 3756 probavimus.
1041 3655 1176 3732 Utrirm
1204 3669 1326 3728 autem

247 3754 459 3829 ministrans
471 3752 742 3831 Eucharistiam
759 3780 875 3828 unum
893 3770 1086 3853 peccatum
1101 3755 1325 3837 committat.

246 3850 306 3937 rei
331 3866 406 3944 tot,
433 3868 524 3955 quot
553 3868 641 3927 sunt
688 3856 714 3929 ii
758 3855 822 3953 qui
860 3853 1064 3930 successive
1089 3850 1328 3968 suscipiunt?

247 3940 347 4027 Bon.
365 3952 412 4026 D.
435 3979 446 4025 t
466 3975 500 4047 q.
520 3950 593 4050 sp.
613 3979 633 4024 2
643 3951 679 4122 j.
706 3978 719 4026 r
741 3976 777 4025 a.
803 3951 858 4026 15.
874 3976 953 4026 eum
973 3948 1327 4027 coenantium-

248 4060 347 4159 met,
367 4051 452 4152 quia
472 4051 623 4148 singulm
669 4047 917 4129 istributiones
938 4065 1026 4125 sunt
1042 4049 1097 4123 sin
1124 4048 1184 4124 ula
1198 4049 1327 4121 convi-

248 4146 330 4236 ria,
351 4160 389 4225 ct
416 4149 578 4228 actiones
611 4147 813 4253 completae.
834 4145 913 4231 Sed
935 4077 1165 4251 probabiliirs
1197 4147 1327 4222 dicunt
