2900 4675
519 271 600 366 Cap.
614 273 643 340 1.
654 273 705 341 De
720 272 894 366 Baptismo.
938 313 944 324 ·
1173 267 1242 360 391

158 378 351 482 privilegio
364 381 425 472 ,iat
436 382 614 475 diximus,
632 383 928 459 obimitaticnem
943 379 1125 458 Paccianis
1132 381 1239 457 Chri·

154 484 195 554 ti.
212 480 441 555 Probabiliirs
458 496 581 564 umen
601 498 673 567 eet,
691 485 793 585 quud
810 486 1017 585 requiratur
1038 481 1211 556 contritio
1225 534 1242 568 ,

155 577 212 652 vel
228 578 381 653 dilectio·
390 581 458 654 Dei
475 585 587 680 supra
601 583 745 672 omnia,
764 582 807 656 dt
824 583 959 656 docent
973 579 1015 654 S.
1030 580 1127 656 Bou.
1142 577 1240 655 Scor.

157 679 247 750 Con.
263 675 312 750 Sa
353 695 443 752 ,etc
458 706 515 777 ap.
535 680 643 758 Crur'x
658 735 669 765 ,
684 696 721 753 et
733 681 873 756 Petroc.
893 694 943 753 to.
960 677 1033 776 tp.
1054 678 1120 771 134
1139 704 1174 772 q.
1197 677 1236 751 3.

154 789 205 850 ea
222 773 260 849 S.
317 775 354 849 lr.
374 776 453 874 3p.
473 804 508 875 y.
527 775 588 853 66.
609 795 676 853 art.
708 803 750 852 12
770 779 822 851 ad
834 803 869 852 a.
888 777 952 851 ubi
972 775 1084 849 dicit:
1099 775 1252 872 Effecit

154 871 339 969 sanguinis
354 872 545 948 nonhabet
559 875 730 949 rotronem
746 876 943 977 Baptr‘smi,
955 876 992 952 εἰ
1002 874 1048 946 sit
1057 876 1134 946 sine
1143 873 1244 946 Cho·

154 970 267 1044 n'tate.
283 973 333 1044 Et
343 971 521 1070 probatur
533 999 578 1047 ex
591 974 719 1072 Apost.
746 1001 779 1047 1.
799 977 879 1050 Cor.
896 975 951 1050 13.
974 1000 1004 1044 ν.
1022 973 1056 1047 3.
1075 970 1117 1044 Si
1132 971 1242 1045 tradi·

156 1068 240 1142 dero
262 1094 388 1163 eorpus
410 1095 553 1158 meum,
574 1071 624 1143 aid
650 1087 689 1144 ut
713 1074 877 1159 ardeam,
893 1071 1099 1146 chart‘totem
1123 1086 1241 1144 autem

155 1191 229 1239 noo
241 1164 395 1242 habuero
412 1225 423 1259 ,
437 1167 530 1240 nr'htl
534 1167 626 1242 milri
627 1170 784 1267 prodest.
800 1170 930 1273 Neque
950 1169 1163 1270 Martyrium
1178 1195 1241 1243 eu·

154 1261 235 1337 hire
253 1264 455 1368 ,importat
473 1293 618 1368 semper
637 1267 852 1343 charitatem
864 1267 1064 1384 perfectam
1080 1265 1241 1354 habeam

154 1387 245 1435 nam
270 1378 392 1460 posset
417 1369 499 1464 quia
519 1366 614 1441 veile
638 1365 762 1467 potius
778 1394 898 1451 mort«,
944 1371 1029 1440 uam
1075 1380 1242 1440 eccatum

155 1484 292 1533 novum
312 1468 541 1538 committere
557 1482 709 1565 propter
720 1481 860 1540 metum
868 1395 1022 1540 Inierni.
1037 1392 1245 1546 detectam,

155 1559 225 1655 ipsi
242 1557 436 1633 adversarii
451 1562 657 1651 advertunt,
668 1567 915 1638 necessarium
930 1587 1075 1662 semper
1087 1586 1186 1653 esse,
1201 1576 1243 1636 ut

156 1669 330 1753 peccator
356 1658 440 1734 atate
466 1662 680 1761 Martyrium
710 1676 864 1737 conetur
886 1661 931 1735 ad
955 1663 1243 1748 contritionem,

157 1752 216 1826 vei
225 1753 496 1830 Confessionem
508 1814 517 1845 ,
527 1784 573 1831 ne
586 1760 752 1857 periculo
766 1760 1011 1836 damnationis
1024 1774 1241 1861 exponatur.

206 1855 392 1948 Quaeritur
410 1854 458 1930 11.
477 1856 726 1950 Quandduam
741 1859 956 1959 Martyrium
972 1859 1129 1956 gratiam
1146 1867 1242 1931 con‘-
1264 1901 1301 1955 ω

156 1950 270 2041 ferat,
287 1978 333 2026 an
369 1952 409 2026 iu
437 1955 588 2030 instanti
618 1957 768 2046 mortis,
792 1970 856 2031 aut
885 1955 1047 2032 vulneris
1082 1954 1242 2031 lethalia.

156 2048 354 2125 Probabile
371 2066 426 2124 est
440 2078 525 2127 cum
539 2056 638 2131 Suar.
655 2054 751 2127 Bon.
765 2054 849 2128 Dic.
863 2071 928 2132 ee.
939 2077 1019 2130 cum
1037 2054 1073 2125 V
1068 2054 1125 2126 ira
1139 2070 1205 2127 ort.
1224 2080 1237 2128 1

159 2145 246 2226 n.6.
263 2148 429 2224 conferre
443 2155 614 2251 gratiam,
634 2153 786 2255 quando
798 2156 893 2230 Mart
917 2182 935 2229 r
950 2153 1087 2255 accipit
1103 2150 1243 2226 lethale

159 2244 319 2333 vulnus,
341 2263 405 2322 aut
430 2252 652 2336 cruciatum,
673 2251 762 2325 licet
786 2267 868 2353 post
933 2249 1153 2326 miraculosi
1172 2276 1248 2328 non

155 2347 358 2439 moriatur;
385 2364 421 2423 et
441 2349 737 2450 itavereMartyr
753 2349 1241 2427 fuitB.Joannecindolium
1350 2432 1353 2445 .

156 2442 330 2520 ferventis
346 2446 416 2521 olei
430 2448 634 2539 immissus,
649 2464 685 2522 et
697 2451 831 2550 Regina
846 2450 1058 2552 Martyrium
1071 2450 1116 2535 B,
1125 2450 1243 2548 Virgo

154 2540 289 2655 Maria,
303 2558 403 2643 etune
420 2550 520 2645 juxta
543 2572 691 2624 crucem
705 2550 806 2625 Jeau.
822 2551 939 2634 Ratio,
958 2552 1045 2651 quia
1061 2560 1152 2625 tunc
1164 2552 1243 2646 jam

157 2664 198 2713 m
222 2667 330 2716 causa
347 2666 445 2718 more
463 2646 655 2745 accipitur.

204 2739 291 2817 Mor.
310 2742 342 2814 1.
362 2743 417 2815 De
433 2740 612 2843 iliis„ayui
636 2745 675 2819 in
704 2741 1167 2848 obsequio-pentifarorum
1197 2768 1300 2858 eam

156 2832 331 2923 chatitate
353 2838 586 2928 moriuntur,
606 2839 698 2914 dicit
716 2842 766 2919 M
856 2842 902 2917 ol.¹
924 2844 1029 2916 Rom.
1053 2847 1110 2918 28.
1133 2843 1238 2915 Febr.

156 2932 255 3033 Quds
271 2936 361 3008 velut
380 2936 562 3034 Martyres
579 2938 742 3039 may-mo
750 2941 793 3039 fi
813 2965 854 3014 es
876 2939 1037 3014 cenerati
1047 2940 1244 3019 conuocati.
1276 2986 1279 2991 ⁴

155 3033 207 3106 Et
224 3031 328 3106 veros
337 3034 514 3136 Martyres
525 3062 603 3111 ease
616 3050 746 3112 tenent
763 3064 819 3121 aa.
830 3038 1057 3128 Academiae,
1077 3039 1131 3114 13.
1147 3039 1247 3114 Car·

154 3128 317 3218 diuaies,
335 3158 376 3206 ra
389 3135 566 3236 Epiocopi
577 3147 615 3208 et
627 3130 825 3235 plusquam
840 3138 924 3215 300.
940 3137 1136 3229 ductores,
1150 3164 1242 3213 com

155 3243 213 3303 ua
229 3231 337 3304 Hurr.
355 3248 393 3305 et
406 3231 496 3305 altos
507 3259 521 3320 ;
539 3232 624 3309 vide
638 3234 755 3307 Crorlar
768 3234 795 3307 l.
815 3232 841 3308 6
851 3260 888 3331 p.
908 3264 923 3311 1
942 3262 981 3309 o.
998 3235 1082 3312 236.

205 3327 292 3403 Not.
324 3328 370 3403 tt.
401 3328 580 3421 Iiiicitum
608 3344 687 3423 est,
707 3332 788 3406 cine
811 3330 938 3408 divino
960 3334 1136 3409 instinctu
1154 3385 1165 3421 ,
1181 3330 1304 3420 valna

69 3490 77 3525 ὲ
156 3425 238 3498 eine
254 3428 420 3529 periculo
439 3429 627 3522 scandali,
644 3430 783 3507 tumere
806 3458 844 3507 ee
865 3432 1031 3535 ingerere
1047 3434 1086 3506 iu
1102 3432 1245 3532 Marty-

150 3523 277 3611 cium,
296 3522 340 3599 iat
359 3528 605 3605 communiter
633 3529 769 3605 docent
793 3531 827 3603 S.
849 3530 921 3627 Z'h.
949 3531 1085 3606 Novar.
1105 3528 1245 3610 Scord-

158 3620 241 3693 Dic.
258 3635 323 3695 etc.
338 3649 417 3696 eum
433 3627 543 3701 Croie
554 3654 592 3702 rr.
611 3629 694 3721 ²4¹·
710 3628 810 3713 Tum
826 3630 913 3729 quia
929 3628 1009 3704 haec
1024 3642 1119 3703 creet
1134 3654 1244 3730 quac-

148 3717 247 3791 ·dam
257 3726 410 3794 tentatio
423 3723 506 3798 Dei:
519 3741 596 3798 tum
606 3726 693 3825 quia
703 3723 815 3801 bomo
824 3753 900 3801 non
913 3726 1245 3819 eetidominueaite

149 3842 247 3895 aum.
276 3817 374 3895 Vide
393 3820 489 3895 dicta
519 3825 541 3894 l.
568 3824 603 3899 3.
628 3849 667 3898 o.
700 3824 760 3901 32.
785 3827 883 3901 Hinc
906 3826 996 3902 dicit
1017 3826 1145 3925 Luym.
1170 3826 1196 3901 Ι.
1211 3826 1240 3900 3

145 3930 201 3992 tr.
220 3917 244 3992 3
266 3920 399 4016 1131.
432 3946 445 3993 1
472 3946 508 3993 rr.
529 3920 566 3996 6.
586 3932 622 3994 et
642 3922 801 3998 Gobares
822 3951 881 4023 op.
908 3924 1018 4000 crore
1041 3925 1068 4000 l.
1088 3948 1120 3999 c.
1136 3921 1241 4027 quod

158 4030 345 4121 peccaret,
360 4018 425 4118 qui
442 4016 501 4092 die
516 4021 677 4112 venaris,
692 4023 710 4095 i
725 4021 896 4112 carnibus
910 4019 1129 4098 abetinendo
1140 4080 1149 4109 ,
1161 4048 1243 4101 ma·

161 4114 349 4193 atterunt
358 4142 398 4195 ac
406 4116 898 4229 catholicumcumpericulo
907 4124 990 4201 vita
1001 4123 1239 4225 quianam
