2900 4675
353 265 593 360 neptunus.
602 267 631 337 Ι.
646 269 698 337 De
710 266 991 340 confirmemus>
1140 277 1208 366 tyn

116 375 274 464 Domini
287 378 402 458 iesu:
419 395 508 458 tnnc
524 385 575 456 im
603 380 764 457 mebant
780 408 912 459 manus
927 407 1039 484 super
1050 382 1153 471 illos,
1171 400 1211 461 et

122 480 356 582 accipiebant
373 477 550 582 Spiritum
566 409 753 555 linctum.
771 481 867 557 Loco
881 499 999 556 autem
1015 483 1107 556 r'llr'us
1126 509 1209 556 ma·

125 583 197 652 rrrls
218 578 451 674 impositionis
470 579 572 651 datur
593 578 629 652 in
647 577 809 653 Ecclesia
835 581 1077 677 corfirmotto.
1101 581 1212 659 Juxtt

125 671 225 762 hanc
236 676 504 756 ,Definitionem
517 677 696 775 fingenii,
713 691 751 750 et
767 677 948 767 Concilii,
968 677 1092 777 plures
1106 682 1212 755 Auc-

123 773 225 850 tores
238 777 367 851 dicunt
375 801 457 848 esse
470 775 516 857 de
532 773 625 863 lide,
641 774 742 876 quod
756 775 833 852 sols
846 777 984 851 Unctio
995 776 1211 853 chrismatis

126 876 175 948 sit
194 876 344 949 Materia
362 872 668 958 Confirmationie.
687 874 760 948 Sed
775 874 867 949 lruic
886 874 1036 952 decreto
1055 879 1124 952 trio
1142 876 1213 951 ob·

127 972 265 1071 jiciunt
282 969 505 1048 Adversarii.
1081 1025 1082 1028 =

180 1073 387 1186 Opponunt
415 1068 445 1144 1.
467 1067 592 1169 quod,
608 1095 694 1144 com
720 1071 911 1169 Eugenius
933 1071 1005 1146 hoc
1021 1067 1213 1149 decretum

125 1167 255 1253 edidit,
262 1172 338 1269 §arn
346 1167 512 1246 solutum
525 1182 619 1243 esset
627 1167 853 1244 Concilium.
869 1170 941 1245 Sed
955 1171 1213 1270 respondetur,

129 1265 202 1340 hoc
222 1292 296 1340 non
317 1292 393 1342 esse
408 1293 533 1348 rerum
546 1322 558 1356 ‚
572 1266 660 1340 licet
678 1268 779 1340 enim
799 1268 918 1342 Graeei
942 1267 1174 1347 discesserint
1191 1274 1214 1346 ir

128 1364 297 1440 Concilio
312 1421 324 1452 ‚
340 1378 599 1442 remanserunt
614 1379 739 1439 tamen
756 1368 881 1439 Patres
900 1368 1042 1454 Latini,
1068 1371 1217 1472 etipsi-

128 1465 205 1536 met
227 1464 349 1539 Greci
375 1487 592 1540 consensum
609 1462 698 1538 »ante
718 1463 921 1560 discessum
945 1465 1152 1566 praebuere,
1171 1467 1217 1544 tc

127 1559 337 1636 Concilium
345 1566 567 1663 persisteret.
582 1561 941 1663 Praeterquamquod
951 1562 1215 1648 dicamuscum

128 1658 174 1733 Ρ.
188 1658 301 1745 Beni,
314 1679 352 1736 et
364 1661 569 1750 communi,
583 1685 662 1738 esse
674 1659 828 1734 omnino
844 1661 941 1737 certe
954 1664 1152 1752 tenendam
1166 1660 1216 1740 ab

130 1758 304 1834 omnibus
323 1741 564 1859 sententiam,
581 1758 690 1862 quod,
698 1758 866 1836 Pontifex
881 1762 921 1833 in
938 1764 1013 1836 suis
1028 1762 1219 1838 definitio·-

129 1854 240 1940 nibus
260 1856 357 1933 circi
376 1856 487 1932 fidem
509 1858 557 1938 sit
575 1884 643 1959 per
661 1885 700 1933 se
717 1856 964 1950 insolubilis,
979 1873 1022 1934 nt
1043 1860 1220 1962 probari·

131 1943 215 2032 mue
229 1952 272 2041 in
287 1956 413 2031 ,dr'ssen
430 1957 547 2059 posita
562 1957 601 2029 in
622 1957 737 2054 Tract.
754 1957 799 2030 de
815 1955 937 2054 Legr'b.
951 1983 983 2032 c.
1009 1984 1022 2036 r
1041 1961 1124 2034 dub.
1141 1986 1162 2033 s
1178 1959 1216 2033 tir

117 2051 203 2152 fiae
225 2078 274 2126 er.
299 2079 335 2125 rr.
367 2081 448 2148 rro.
467 2053 651 2146 Ceterum
674 2081 721 2129 ne
751 2057 804 2128 uit
825 2054 925 2141 dici,
952 2057 1154 2133 concilium
1171 2083 1217 2134 ex

132 2149 295 2225 discessu
312 2149 525 2227 Graecorum
543 2150 708 2232 solutum
723 2080 864 2239 (luisse,
885 2150 995 2253 proiit
1012 2153 1217 2255 loquuntur

133 2248 338 2324 Adversarii
356 2276 399 2344 err
415 2248 638 2353 Spondsno,
658 2265 695 2325 et
713 2251 831 2325 Card.
856 2251 1107 2342 Palloricin03
1129 2280 1217 2330 num

135 2347 356 2447 Spoudsnus'
373 2376 471 2439 anno
493 2354 535 2445 14
600 2349 771 2451 expresse
785 2351 1010 2426 contrarium
1028 2352 1138 2428 refert
1155 2352 1220 2428 di-

131 2471 220 2521 cens
234 2476 244 2517 z
260 2446 348 2518 Non
363 2450 435 2521 ucri
447 2474 526 2523 curn
573 2471 736 2521 trecorum
750 2448 906 2522 discessu
915 2448 1121 2548 dissipatam
1133 2478 1217 2527 esse

129 2540 158 2616 S
178 2543 314 2623 nodum
331 2546 591 2637 Flammarum,
607 2546 676 2619 sed
690 2548 933 2621 continuatam
952 2574 1032 2622 cum
1054 2548 1217 2624 Potnias

132 2736 148 2813 1
187 2643 269 2717 tiaris
284 2642 511 2742 aunistn'bus
526 2642 763 2746 sequentibus.
781 2645 830 2718 Et
846 2644 947 2719 idern
964 2659 1117 2723 testetur
1129 2648 1219 2724 Pal-

150 2767 324 2816 urrcruus.
470 2816 474 2823 ,
676 2800 679 2807 .
925 2784 927 2787 ·

182 2840 391 2938 Opponunt
413 2863 448 2914 n.
471 2837 572 2941 quod
597 2840 786 2937 Eugeuios
813 2841 1033 2937 assignando
1059 2843 1218 2919 Unctio-

132 2957 218 3010 ncro
229 2963 297 3036 pro
312 2939 473 3025 Materia,
483 2964 558 3013 non
571 2938 914 3036 assignaveritillam
924 2966 991 3040 pro
1002 2943 1150 3017 Materia
1162 2969 1221 3017 es·

133 3033 298 3121 sensisti,
314 3036 379 3109 sed
393 3032 534 3113 tuntum
547 3062 614 3136 pro
628 3037 866 3124 accidentali,
886 3037 996 3135 proiit
1013 3044 1087 3137 egit
1103 3046 1219 3141 assig-

131 3131 259 3207 nando
296 3131 566 3234 porrectionem
594 3137 923 3219 instrumentorum
952 3136 1091 3236 (nutis
1121 3139 1218 3217 facts

132 3234 319 3309 mentione
333 3233 577 3333 impositionis
594 3235 794 3330 manuum)
812 3261 878 3335 pro
901 3238 1047 3322 Materia
1062 3239 1218 3329 ordinis,

133 3329 270 3430 inquo
295 3330 522 3427 probabilior
543 3335 1221 3437 estAuctorumsententia‚imposi-
1265 3397 1271 3407 .
1360 3346 1364 3351 ’

133 3428 275 3501 tionem
300 3455 476 3505 munuum
505 3455 582 3504 esse
611 3432 800 3505 Materiam
823 3431 1079 3525 essentialem,
1098 3452 1135 3508 et
1157 3437 1219 3530 in··¹

135 3538 424 3603 strumentorum
451 3528 719 3628 porrectionem
744 3555 821 3604 esse
846 3531 989 3605 tantum
1007 3533 1230 3608 accidentem
1304 3546 1308 3557 '

136 3622 305 3714 lem„rcl
325 3625 563 3726 integralem,
579 3627 635 3700 rel
654 3628 701 3701 sd
719 3653 908 3705 summum
948 3631 1125 3704 artialem.
1142 3632 1227 3707 Alii.

134 3721 362 3824 respondent
389 3750 475 3798 cum
499 3725 697 3814 Menardo,
728 3726 828 3827 qood
856 3657 947 3801 idei
965 3731 1131 3804 Pontifex
1156 3719 1219 3803 lo-

137 3847 255 3921 quens
275 3821 320 3893 de
336 3821 571 3897 sacramento
588 3825 739 3908 Ordinis
756 3852 830 3898 non
847 3824 972 3900 lecerit
994 3830 1222 3911 mentionem

133 3919 379 4019 impositionis
396 3948 597 4010 manuum,
615 3928 701 4024 quia
718 3922 781 3996 itta
800 3929 872 4022 jam
889 3939 966 3997 erat
982 3927 1021 3998 in
1037 3953 1104 4001 usu
1117 3929 1218 4026 apud

133 4018 338 4102 Armenoc,
360 4020 494 4119 quibus
516 4020 743 4121 peculiarem
767 4024 942 4098 Ecclesiae
962 4025 1134 4098 Romanae
1154 4030 1220 4101 Ri-

136 4131 217 4209 tum
242 4117 383 4195 tradere
412 4116 567 4197 volebat,
596 4120 669 4199 Alii
694 4121 951 4225 respondent,
978 4122 1021 4198 irt
1045 4112 1234 4217 Gemma*
